1951 3720
372 327 504 396 104
608 305 931 385 ‚CAII
997 303 1420 378 Pus-11

365 475 372 482 .
456 428 640 483 V111.
681 427 1014 480 Pznuus
1051 428 1424 483 Annlnno
1464 439 1610 483 suo
1644 428 1699 487 8.

567 546 900 599 Gratulatiom'
952 550 1009 600 de
1052 564 1280 618 augurata
1324 546 1595 617 respondet.

368 657 461 751 G
483 710 519 748 a
538 709 576 747 Α
595 709 632 747 τ
652 708 691 747 u
711 708 742 746 1.
760 707 798 745 Α
817 708 855 746 n
870 708 892 746 1
912 708 938 745 s
978 693 1113 747 mihi
1146 692 1295 763 qu6d
1321 694 1611 764 acceperim
1641 712 1781 767 augu-

357 786 569 822 ratum:
603 768 715 832 jure
758 768 1068 837 gratularis:
1108 769 1373 836 primum,
1415 769 1559 838 quod
1604 772 1781 839 gravis-

359 844 488 897 simi
513 841 774 913 Principis
798 841 1054 905 'judicium
1076 842 1132 893 in
1154 842 1445 893 minoribus
1467 843 1626 895 etiam
1646 847 1779 895 rebus

360 916 616 984 consequi
655 917 930 982 pulchrum
979 914 1052 966 est
1091 933 1103 966 :
1154 915 1340 967 deinde
1383 915 1526 984 quod
1562 918 1781 968 sacerdo-

360 989 496 1040 tium
532 988 705 1056 ipsum
744 1004 906 1055 quum
943 987 1172 1055 priscum
1209 990 1260 1039 &
1297 988 1608 1058 religiosum
1631 1028 1645 1053 ,
1681 1006 1781 1041 tum

357 1064 463 1114 hoc
495 1077 709 1131 quoque
748 1062 947 1113 sacrum
980 1060 1135 1129 plane
1176 1063 1226 1113 &
1263 1061 1473 1131 insigne
1509 1062 1581 1113 est
1603 1102 1621 1126 ‚
1655 1061 1783 1131 quod

356 1152 474 1187 non
516 1135 765 1210 adimitur
817 1134 1052 1187 viventi.
1112 1136 1248 1187 Nam
1297 1135 1434 1198 alia,
1486 1151 1783 1204 quamquam

356 1208 617 1278 dignitate
653 1209 1043 1276 propemodum
1069 1208 1215 1274 paria
1236 1247 1251 1270 ,
1283 1223 1344 1259 ut
1364 1209 1662 1260 tribuuntur
1681 1248 1695 1273 ,
1717 1209 1785 1261 sic

359 1284 703 1335 auferuntur:
742 1282 801 1332 in
844 1283 949 1333 hoc
990 1282 1215 1333 fortunae
1250 1281 1503 1334 maenus
1539 1283 1695 1346 licet,
1735 1295 1786 1334 ut

358 1356 469 1408 dari
507 1354 698 1424 possit.
750 1354 891 1405 Mihi
926 1351 1061 1405 vero
1085 1354 1246 1405 etiam
1286 1354 1416 1406 illud
1451 1355 1793 1424 gratulatione

357 1428 578 1499 dignum
601 1428 844 1491 videtur,
879 1426 1026 1495 quod
1066 1426 1293 1478 successi
1327 1427 1476 1481 Julio
1501 1429 1750 1480 Frontino
1770 1466 1786 1493 ,

356 1503 591 1571 principi
612 1501 739 1553 viro
759 1540 780 1563 ,s
814 1500 906 1569 qui
945 1517 1030 1551 me
1056 1498 1442 1552 nominationis
1479 1500 1563 1554 die
1587 1518 1679 1570 per
1698 1503 1787 1554 hos

359 1575 650 1628 continuos
701 1591 869 1625 annos
922 1573 1062 1624 inter
1107 1574 1400 1626 sacerdotes
1447 1575 1747 1627 nominabat
1773 1613 1789 1639 ‚

357 1662 630 1718 tamquam
665 1648 724 1698 in
752 1649 931 1698 locum
962 1647 1113 1698 suum
1149 1658 1468 1715 cooptaret3
1495 1649 1641 1717 quod
1662 1662 1790 1700 nunc

359 1740 586 1775 eventus
624 1722 697 1773 ita
734 1720 1142 1788 comprobavit,
1176 1735 1241 1790 ut
1271 1737 1383 1773 non
1406 1721 1689 1773 fortuitum
1710 1721 1791 1773 vi·

360 1798 563 1850 dentur.
604 1797 682 1847 Te
711 1793 924 1864 quidem
945 1794 1045 1862 (ut
1074 1789 1301 1859 scribis)
1325 1795 1394 1846 ob
1424 1794 1534 1847 hoc
1569 1792 1791 1847 maxime

358 1872 582 1923 deleciat
619 1884 900 1939 auguratus
939 1884 1089 1919 meus
1113 1907 1131 1932 ,
1160 1866 1308 1936 quod⁴
1338 1868 1556 1921 Marcus
1598 1870 1793 1922 Tullius

358 1961 526 2013 augur
558 1943 678 1996 fuit.
730 1941 947 1995 Laetaris
985 1941 1130 1994 enim
1172 1940 1323 2010 quod
1355 1942 1659 1994 honoribus
1691 1941 1794 2009 ejus

359 2015 601 2068 insistam
626 2055 640 2080 ,
681 2031 839 2084 quem
883 2013 1118 2066 aemulari
1155 2013 1212 2064 in
1245 2013 1424 2066 studiis
1463 2015 1648 2083 cupio·
1703 2016 1794 2070 Sed

358 2089 567 2141 utinam
614 2104 674 2140 ut
720 2088 1073 2143 sacerdotium
1122 2086 1261 2138 idem
1301 2126 1315 2150 ‚
1372 2088 1427 2139 &⁷
1470 2089 1793 2151 consulatum

356 2162 534 2215 multo
586 2161 748 2214 etiam
804 2159 989 2224 ‘runior
1043 2158 1199 2231 quam
1249 2160 1340 2211 isse
1391 2161 1506 2216 sum
1551 2161 1792 2217 consecu-

359 2248 448 2289 tus
481 2255 498 2296 ς
533 2236 610 2287 ita
648 2238 813 2287 senex
840 2233 1023 2299 saitem
1062 2233 1334 2301 ingenium
1371 2232 1485 2299 ejus
1530 2235 1705 2302 aliqua
1732 2250 1794 2287 ex

357 2323 511 2376 parte
541 2307 755 2376 assequi·
772 2306 978 2376 possim
1003 2311 1015 2360 !
1044 2308 1145 2358 Sed
1168 2306 1429 2358 nimirum·
1453 2324 1573 2375 quae
1604 2306 1794 2360 suntin

361 2398 526 2434 manu
554 2381 836 2435 hominum
856 2416 870 2442 ‚
903 2398 964 2433 ea
1003 2381 1055 2431 δι
1088 2380 1221 2432 mihi
1255 2381 1307 2431 &
1339 2380 1522 2431 multis
1558 2381 1791 2451 contige·

359 2468 527 2509 runt:
563 2454 695 2506 illud
741 2453 878 2507 veto
912 2468 972 2505 ut
1009 2452 1171 2521 apisci
1206 2454 1423 2505 arduum
1456 2484 1491 2517 ,ν
1515 2454 1596 2506 sic
1641 2455 1792 2506 etiam

362 2528 573 2595 sperare
609 2527 838 2580 nimium
857 2527 930 2581 est
949 2567 963 2594 ,
999 2528 1144 2598 quod
1175 2526 1288 2584 dati
1326 2542 1442 2581 non
1471 2526 1580 2581 nisi
1616 2545 1647 2581 a
1676 2528 1796 2583 Diis

364 2600 557 2673 potest.
592 2602 749 2658 vale.
