1951 3720
306 290 413 384 38*
606 289 879 359 CAII
945 289 1373 360 ΡιιΝιι

295 410 416 462 litas
453 407 627 461 nostra
661 407 906 461 decurrit.
940 409 1076 475 Quae
1099 422 1277 461 tamen
1302 407 1375 461 ita
1396 411 1758 478 temperanda·

295 483 405 546 est,
449 500 516 536 ne
551 483 717 535 nimia
739 482 1054 552 profusione
1080 482 1372 535 inarescat:
1409 482 1499 534 sed
1530 498 1738 551 tempe-

294 559 453 609 randa
490 555 548 609 in
583 557 740 619 aliis,
773 557 830 608 in
860 571 915 609 te
944 554 1080 609 vero
1101 553 1255 609 facile
1286 555 1424 608 ratio
1449 556 1743 620 constabit,

294 630 507 683 etiamsi
538 632 759 683 modum.
792 628 1092 684 excefferit.
1127 631 1286 682 Vale.

422 743 497 797 V.
558 741 893 794 prunus
933 743 1314 795 Luxu-:nco
1356 744 1509 797 Suo
1550 746 1608 800 S.

294 856 490 911 Partem
525 855 787 922 orationis,
818 860 910 926 qna*
934 859 1265 910 bibliothecam
1294 859 1343 907 in
1383 860 1549 926 patria
1573 859 1747 927 publi-

374 970 477 1002 cam
497 952 798 1003 dedicaverat
816 985 832 1010 ,
844 953 1206 1022 pet-poliendum
1224 954 1369 1004 misit.
1400 952 1524 1006 Vide
1548 972 1564 1003 ι
1592 992 1606 1016 ,
1633 954 1688 1005 8.

298 1058 394 1153 Α
412 1108 445 1147 c
464 1109 501 1147 τ
517 1109 541 1146 1
561 1108 600 1147 o
618 1109 657 1146 N
673 1109 708 1147 E
725 1109 778 1145 M
811 1096 863 1146 δε
885 1112 914 1147 a
941 1109 996 1147 te
1021 1096 1325 1165 frequenter
1359 1095 1702 1167 efflagitatam
1728 1135 1750 1161 ,

297 1169 353 1221 &
388 1186 418 1222 a
451 1186 535 1221 me
568 1169 703 1237 s222pe
740 1167 1046 1237 promiffam
1078 1170 1296 1224 exhibui
1320 1172 1416 1223 tibi
1443 1210 1458 1233 ‚
1502 1172 1748 1223 nondum

295 1254 477 1294 tamen
516 1257 720 1302 totam3
759 1245 924 1294 adhuc
947 1243 1092 1294 enim
1129 1260 1248 1312 pars
1272 1242 1386 1309 ejus
1423 1244 1748 1312 perpolitur.

294 1316 517 1367 Interim
554 1333 669 1384 quae
709 1316 1030 1368 absolutiora
1066 1318 1198 1368 mihi
1232 1317 1547 1370 videbantur
1573 1357 1587 1381 ,
1632 1335 1752 1371 non

295 1388 398 1441 fuit
440 1389 671 1441 alienum
718 1388 917 1454 iudicio
949 1404 1046 1443 tuo
1084 1391 1237 1445 tradi.
1283 1391 1381 1444 His
1418 1405 1478 1443 tu
1508 1430 1522 1453 ,
1561 1408 1703 1460 rogo
1730 1431 1750 1456 ‚

297 1460 656 1514 intentionem
684 1462 956 1515 scribentis
987 1467 1391 1524 accommodem
1433 1464 1567 1516 nihil
1599 1465 1751 1516 enim

297 1537 465 1588 adhuc
489 1535 627 1588 inter
657 1553 842 1590 manus
878 1537 1072 1601 habui,
1098 1538 1183 1589 cui
1207 1537 1466 1603 majorem
1491 1537 1755 1590 sollicitu-

297 1607 479 1660 dinem
517 1609 754 1678 praestare
778 1612 1042 1663 deberem.
1083 1612 1222 1663 Nam
1259 1611 1318 1663 in
1348 1610 1537 1664 ceteris
1576 1611 1749 1664 afflo-

298 1683 453 1734 nibus
496 1682 876 1736 existimationi
912 1684 1194 1736 hominum
1230 1685 1502 1754 diligentia
1539 1685 1750 1737 tantum
1829 1752 1835 1755 ,

301 1756 355 1808 8(
379 1755 509 1809 fides
548 1756 750 1821 nostra,
794 1758 850 1809 in
883 1759 981 1810 hac
1015 1761 1175 1810 etiam
1214 1760 1383 1828 pietas
1424 1756 1756 1823 subjicietur·

298 1830 427 1883 Inde
455 1830 665 1890 &liber
687 1832 857 1885 crevit
877 1874 891 1897 ‚
924 1833 1051 1885 dum
1076 1849 1263 1886 ornare
1292 1832 1516 1902 patriam
1551 1833 1604 1885 ὅ(
1633 1850 1750 1886 am·

299 1903 537 1973 plificare
561 1908 876 1976 gaudemus·‚
907 1907 1208 1976 pariterque
1235 1909 1290 1960 δε
1311 1906 1609 1960 defensioni
1634 1905 1755 1974 ejus

301 1978 563 2032 servimus
593 1981 644 2032 &
685 1980 888 2049 gloriae.
926 1981 1011 2031 Tu
1048 1995 1228 2034 tamen
1256 1983 1370 2033 haec
1407 1981 1551 2048 ipsa,
1579 1998 1753 2049 quan-

302 2059 418 2103 tum
469 2054 605 2105 ratio
649 2054 922 2123 exegerit,
968 2054 1160 2108 reseca.
1230 2053 1463 2121 Quoties
1506 2054 1651 2105 enim
1687 2055 1755 2107 ad

302 2123 563 2178 fastidium
599 2128 890 2196 legentium
933 2125 1250 2197 deliciasque
1288 2126 1546 2196 respicio,
1588 2128 1754 2180 intel‘-

302 2197 418 2267 ligo
464 2200 617 2252 nobis
661 2201 1182 2254 commendationem
1225 2217 1295 2254 ex
1325 2201 1437 2269 ipsa
1462 2200 1752 2253 rnediocri-

304 2284 412 2326 tate
449 2273 570 2324 libri
606 2276 906 2342 petendam.
947 2276 1092 2331 Idem
1114 2289 1329 2337 tamen,
1356 2276 1448 2344 qui
1479 2292 1512 2326 a
1540 2289 1592 2326 te
1611 2275 1762 2328 hanc

306 2344 659 2399 austeritatem
696 2346 901 2433 exigo
946 2365 1115 2418 cogor
1152 2349 1251 2412 id,
1296 2350 1440 2417 quod
1480 2347 1756 2401 diversum

306 2417 415 2483 est,
449 2420 746 2487 postulare,
779 2436 838 2473 ut
857 2421 914 2473 in
936 2423 1201 2492 plerisque
1229 2421 1464 2474 frontem
1486 2422 1757 2477 remittas,

308 2493 442 2544 Sunt
465 2492 609 2545 enim
629 2496 866 2563 quaedam
891 2496 1304 2549 adolescentium
1323 2496 1533 2548 auribus
1554 2497 1719 2548 danda
1735 2534 1758 2560 ‚

309 2561 598 2634 praesertim
639 2568 684 2620 si
715 2570 932 2621 materia
974 2586 1087 2621 non
1123 2571 1427 2640 refragetur.
1475 2570 1615 2622 Nam
1659 2572 1756 2622 de·

308 2638 625 2709 scriptiones
646 2644 925 2705 locorum,
962 2660 1079 2712 quae
1119 2643 1177 2695 in
1203 2644 1309 2696 hoc
1335 2643 1474 2695 libro
1501 2644 1758 2716 frequen-5

309 2713 476 2766 tiores
513 2731 700 2780 erunt,
735 2734 845 2768 non
890 2715 1139 2769 historice
1175 2717 1414 2781 tantum,
1458 2716 1546 2769 sed
1578 2713 1758 2787 prope

310 2787 525 2852 poetice
562 2789 809 2858 prosequi
851 2791 926 2843 fas
977 2789 1066 2843 est.
1124 2791 1285 2857 Quod
1325 2805 1502 2843 tamen
1541 2790 1589 2842 si
1630 2789 1758 2859 quis

311 2858 569 2914 exstiterit
600 2862 691 2931 qui
720 2878 870 2931 putet
891 2880 991 2915 nos
1016 2863 1186 2916 laetii'is
1203 2863 1409 2927 fecisse,
1441 2862 1598 2934 quim
1625 2881 1752 2916 ora-

314 2932 480 2989 tinnis
517 2936 768 2990 severitas
791 2936 1001 3008 exigat·
991 2973 1007 2998 ‚
1043 2936 1200 3005 hujus
1239 2939 1341 3006 (ut
1364 2940 1436 2990 ita
1477 2936 1759 3004 dixerim)
