1951 3720
354 313 1321 386 EpzsrozAE.Lib.VI1.
1447 334 1584 411 197

150 432 1570 563 Qffiffleffiffieffiffiw

178 650 637 738 LIBER
716 649 1521 740 SEPTIMUS.

218 816 263 868 1.
309 815 376 869 C.
433 815 768 868 Pt1n1us
810 813 1181 867 GEMINIO
1225 830 1372 869 suo
1413 819 1469 874 S.

131 937 467 1010 AEgtotantm
528 952 688 988 monet
733 935 950 1003 exemplo
987 933 1076 1002 suo
1128 940 1373 1005 patienter
1417 940 1583 993 morbo

228 1037 540 1101 resiliendum
581 1033 701 1103 effe,
742 1032 788 1083 6·
824 1034 1236 1100 obtemperandum
1257 1038 1467 1093 medicis.

134 1130 436 1222 TERRET
471 1180 560 1217 me
589 1164 705 1215 haec
741 1177 832 1215 tua
862 1175 973 1215 tam
1005 1163 1254 1231 pertinax
1283 1168 1538 1219 valetudo
1564 1204 1579 1234 ,

132 1240 178 1291 &
210 1256 541 1309 quamquam
587 1252 642 1289 te
679 1236 1227 1305 temperantissimum
1275 1241 1525 1293 noverim
1563 1279 1580 1306 ,

128 1330 314 1367 vereor
350 1329 539 1366 tamen
574 1328 642 1363 ne
680 1310 806 1379 quid
840 1310 922 1362 illi
958 1311 1120 1363 etiam
1145 1312 1203 1363 in
1238 1329 1417 1367 mores
1451 1330 1578 1367 tuos

127 1387 292 1441 liceat.
337 1386 575 1439 Proinde
619 1401 819 1436 moneo
840 1422 856 1447 ‚
888 1384 1152 1452 patienter
1184 1386 1409 1441 resistas.
1455 1389 1580 1442 Hoc

128 1462 378 1513 laudabile
396 1500 413 1524 ‚
437 1461 544 1511 hoc
566 1458 827 1511 salutare:
855 1457 1087 1510 admittit
1103 1459 1333 1512 humana
1354 1476 1539 1515 natura
1561 1500 1577 1527 ‚

126 1537 268 1603 quod
287 1534 516 1587 suadeo:
535 1532 645 1601 ipse
671 1530 813 1585 certe
832 1530 910 1583 sic
940 1549 1096 1601 agere
1119 1532 1274 1586 sanus
1293 1545 1415 1586 cum
1440 1536 1579 1589 meis

125 1608 293 1662 soleo,
331 1609 508 1677 Spero
532 1608 748 1676 quidem
768 1644 783 1669 ,
822 1606 870 1657 si
892 1605 1033 1659 forte
1053 1606 1110 1657 in
1129 1608 1399 1659 adversam
1423 1612 1579 1662 vale·

124 1683 360 1735 tudinem
407 1682 647 1733 incidero
672 1719 685 1743 ‚
707 1679 878 1732 mihis*
899 1696 989 1732 me
1030 1680 1446 1734 desideraturum
1483 1685 1578 1736 vel

125 1758 325 1823 pudore
362 1756 458 1808 vel
487 1754 812 1823 poenitentia
851 1755 1071 1825 dignum
1099 1774 1112 1807 :
1146 1754 1194 1806 si
1218 1767 1397 1807 tamen
1420 1756 1577 1823 supe.

127 1829 321 1883 raverit
346 1830 568 1882 morbus
594 1868 609 1892 ‚
651 1828 910 1881 denuntio
951 1844 1022 1882 ne
1061 1827 1191 1898 quid
1231 1828 1365 1882 mihi
1401 1832 1536 1884 detis
1560 1868 1577 1896 ‚

126 1904 226 1956 nisi
268 1903 704 1973 permittentibus
743 1902 963 1955 medicis
997 1922 1014 1963 ·,
1051 1903 1327 1973 sciatisque
1349 1944 1364 1967 ,
1403 1905 1452 1958 si
1484 1907 1578 1957 de-

128 1977 307 2030 deritis
331 2018 347 2042 ‚
390 1983 464 2030 ita
504 1978 896 2029 vindicaturum
919 2017 934 2041 ,
972 1992 1034 2028 ut
1060 1977 1249 2030 ·solent
1285 1977 1413 2041 alii,
1457 1996 1576 2046 quae

125 2067 403 2120 negantur.
447 2051 599 2116 Quin
623 2051 784 2103 etiam
816 2069 981 2119 quum
1006 2051 1242 2118 perustus
1266 2052 1575 2104 ardentissi-

125 2126 207 2177 ma
231 2127 379 2178 febre
397 2164 411 2188 ,
448 2126 659 2176 tandem
689 2123 929 2177 remiffus
957 2124 1254 2193 'unitusque
1279 2126 1573 2193 acciperem

126 2214 155 2257 a
172 2199 387 2252 medico
410 2198 693 2266 potionem
715 2236 730 2260 ‚
756 2198 979 2266 porrexi
1002 2213 1253 2262 manum,
1275 2214 1438 2267 utque
1452 2214 1577 2251 -tan-

125 2288 270 2340 geret
299 2272 449 2334 dixi,
472 2276 850 2340 admotumque
870 2271 975 2336 iam
996 2273 1153 2326 labris
1179 2276 1431 2340 poculum
1455 2276 1576 2326 red-

124 2345 247 2399 didi.
287 2346 475 2399 Postea
511 2363 674 2414 quum
699 2342 970 2398 vicesimo
1006 2345 1328 2399 valetudinis
1360 2347 1446 2399 die
1482 2348 1574 2400 ba-

121 2418 269 2472 lineo
294 2437 620 2489 praepararer
640 2459 655 2483 ‚
688 2419 1072 2489 muffantesque
1093 2421 1330 2473 medicos
1354 2419 1575 2489 repente

121 2493 367 2546 vidifi‘em
392 2533 405 2557 ‚
441 2495 649 2546 causam
672 2493 953 2563 requisivi.
988 2496 1393 2563 Responderunt
1423 2494 1573 2564 poffe

119 2582 205 2619 me
243 2567 367 2620 tuto
407 2569 605 2631 lavari,
641 2585 753 2620 non
782 2583 963 2620 tamen
992 2570 1219 2621 omnino
1252 2569 1366 2621 sine
1398 2569 1577 2637 aliqua

118 2639 444 2709 suspicione.
486 2642 633 2708 Quid
656 2682 669 2702 ‚
706 2641 922 2711 inquam
950 2681 967 2704 ‚
1002 2641 1204 2697 necefl‘e
1235 2642 1308 2695 est
1345 2645 1364 2695 ἓ
1398 2643 1576 2709 Atque

118 2713 191 2765 ita
231 2716 324 2783 spe
363 2715 598 2779 balinei,
637 2715 724 2768 cui
755 2715 863 2781 jam
886 2716 1104 2768 videbar
1123 2715 1304 2769 inferri
1326 2755 1340 2777 ‚
1370 2714 1576 2783 placide

116 2787 421 2856 leniterque
445 2788 664 2842 dimissa
686 2829 700 2852 ,
735 2791 796 2840 ad
821 2788 1183 2842 abstinentiam
1218 2789 1392 2840 rursus
1415 2828 1428 2851 ,
1463 2804 1576 2839 non

115 2861 271 2913 secus
309 2878 372 2914 ac
418 2861 583 2915 modo
621 2865 686 2914 ad
715 2863 982 2915 balineum
1008 2902 1022 2926 ‚
1061 2864 1297 2916 animum
1333 2865 1574 2919 vultum-

117 2951 226 3004 que
260 2936 563 3005 composui.
605 2937 741 3004 Quae
767 2936 1088 3007 tibiscripsi
1110 2975 1129 3001 ‚
1156 2935 1391 3007 primum
1425 2950 1485 2988 ut
1521 2950 1575 2988 te

1209 3010 1236 3061 1
1269 3008 1327 3075 iij
