1951 3720
386 321 1152 392 EplsroLAE.Lib.
1186 318 1323 393 IX.
1477 344 1611 423 295

151 444 280 498 hine
316 443 545 497 flumine
591 445 644 496 δε
680 442 1072 512 abruptissimis
1116 443 1250 512 ripis
1290 483 1306 508 ‚
1358 445 1485 499 hinc
1520 445 1619 499 via

154 519 410 588 cingitur.
449 518 534 570 Est
572 520 709 570 ultra
731 517 879 569 viam
910 517 1235 571 latissimum
1266 533 1476 587 pratum
1503 560 1518 583 ‚
1557 519 1620 571 in.

153 609 264 662 quo
308 593 439 645 satis
476 590 599 660 apte
637 607 824 645 contra
859 594 1121 660 templum
1158 592 1332 660 ipsum
1375 593 1619 661 porticus

152 666 565 734 explicabuntur
598 684 616 725 ·,
647 665 756 717 nisi
796 664 924 734 quid
978 681 1038 718 tu
1074 665 1266 719 melius
1300 666 1574 719 inveneris
1599 705 1619 730 ‚

154 740 248 807 qui
305 739 450 792 soles
499 741 747 793 locorum
798 739 1130 793 difficultates
1181 754 1292 793 arte
1351 740 1619 809 superare.

154 813 319 867 Vale.

329 934 463 988 XL.
517 934 855 986 Ptnuus
894 934 1153 987 Fusco
1196 947 1346 987 suo
1389 935 1444 987 S.

170 1031 301 1086 Vitae
329 1029 432 1100 [αα
453 1031 802 1098 studiorumque
831 1031 1063 1082 rationem
1099 1034 1302 1096 aestivam
1341 1032 1606 1084 delineavit

239 1127 399 1197 supr-ei
434 1127 517 1192 36.
544 1128 643 1177 Hic
665 1134 806 1178 etiam
836 1143 1029 1197 rogatus
1049 1130 1248 1197 exponis
1266 1130 1523 1181 hibernam.

162 1218 221 1310 S
241 1267 281 1304 c
303 1266 521 1304 Rlnls
556 1266 824 1320 pergratas
861 1249 958 1302 tibi
994 1249 1143 1303 fuiss‘e
1184 1251 1389 1304 litteras
1433 1268 1581 1305 meas
1602 1292 1619 1318 ‚

154 1327 356 1396 quibus
419 1323 724 1395 cognovisti
790 1325 1237 1391 quemadmodum
1307 1324 1366 1376 in
1431 1326 1622 1378 Tuscis

155 1402 341 1452 otium
381 1398 572 1450 aestatis
616 1396 925 1469 exigerem:
971 1396 1199 1465 requiris
1238 1398 1367 1467 quid
1408 1416 1478 1450 ex
1513 1399 1620 1452 hoc

155 1474 216 1526 in
266 1472 602 1525 Laurentino
658 1471 834 1522 hieme
888 1486 1205 1539 permutem.
1273 1472 1461 1536 N1hi1,
1512 1472 1622 1526 nisi

156 1546 317 1616 quod
340 1544 665 1598 meridianus
703 1545 921 1595 somnus
954 1544 1245 1607 eximitur,
1278 1548 1618 1616 multumque

157 1624 223 1674 de
276 1620 441 1672 nodie
485 1621 573 1671 vel
619 1632 741 1669 ante
781 1619 870 1669 vel
913 1616 1031 1684 post
1070 1617 1212 1668 diem
1257 1618 1521 1671 sumitur.
1566 1620 1619 1673 &

155 1694 204 1767 si
224 1693 428 1764 agendi
465 1692 752 1744 necessitas
785 1689 973 1753 instat,
995 1708 1113 1759 quae
1133 1691 1380 1758 frequens
1400 1692 1619 1756 hieme,

155 1786 280 1821 non
304 1767 414 1832 iam
436 1768 689 1819 comoedo
711 1767 801 1817 vel
838 1763 1033 1833 lyristae
1059 1763 1174 1832 post
1195 1779 1406 1816 coenam
1425 1767 1612 1817 locus·
1601 1800 1619 1825 ‚

157 1844 250 1896 sed
290 1842 381 1895 illa
413 1859 530 1911 quae
568 1837 801 1902 distavi,
827 1837 1114 1890 identidem
1148 1837 1526 1901 retraetantur,
1557 1855 1620 1890 ac

157 1917 331 1969 simul
369 1915 645 1968 memoriae
682 1913 948 1981 frequenti
984 1911 1355 1966 emendatione
1395 1910 1620 1980 profici-

158 2006 273 2043 tur.
314 1991 491 2043 Habes
515 1987 718 2050 aestate,
749 1986 928 2039 hieme
947 1986 1423 2045 consuetudinem,
1462 1985 1618 2037 addas

158 2065 271 2115 huc
307 2063 443 2115 licet
465 2079 563 2115 ver
588 2063 641 2114 δε
674 2076 987 2113 autumnum
1009 2100 1025 2124 ,
1052 2078 1167 2129 quae
1206 2059 1348 2112 inter
1381 2058 1619 2111 hiemem

159 2137 510 2204 aestatemque
555 2135 729 2187 media
761 2174 777 2196 ‚
815 2149 873 2185 ut
921 2134 1056 2186 nihil
1100 2136 1163 2186 de
1209 2134 1294 2185 die
1352 2134 1578 2201 perdunt
1601 2169 1620 2197 ‚

156 2211 241 2264 ita
285 2212 350 2263 de
386 2209 543 2264 noste
582 2211 865 2279 parvulum
898 2208 1196 2278 acquirunt.
1239 2207 1398 2264 Vale.

803 2542 994 2658 &Vq

803 2623 994 2740 ’ἵκω
