1951 3720
383 299 658 366 EP·1s
691 311 739 364 τ
769 315 818 364 o
847 313 1012 366 ιι.
1043 291 1352 367 Lib.1V.
1462 309 1586 391 103

168 418 221 475 in
248 419 570 489 exemplaria
599 417 977 488 transcriptum
1010 417 1159 471 mille
1190 436 1285 487 per
1302 422 1603 473 totam-Ita«

168 497 282 549 liam
304 494 717 564 provinciasque
747 493 967 548 dimisit.
1008 493 1234 563 Scripsit
1267 494 1478 561 publice
1499 533 1514 557 ‚
1538 509 1601 547 ut

169 585 196 621 a
217 568 582 622 decurionibus
613 567 899 638 eligeretur
920 567 1298 620 vocalissimus
1319 567 1510 636 aliquis
1530 584 1601 620 ex

171 641 286 712 ipsis
306 682 321 706 ,
345 642 442 712 qui
463 645 663 712 legeret
693 659 815 694 eum
835 644 1042 711 populo
1064 660 1080 696 ε
1112 641 1306 696 fanum
1327 640 1416 696 est.
1452 642 1605 694 Hanc

169 716 249 768 ille
281 716 396 768 vim
430 717 452 784 (
479 716 567 784 seu
600 732 708 784 quo
742 715 850 766 alio
887 713 1107 767 nomine
1131 717 1371 769 vocanda
1406 714 1480 766 est
1518 715 1608 766 in·-

171 789 327 841 'tentio
360 789 622 858 quidquid
654 789 795 841 velis
830 787 1155 855 obtinendi)
1186 788 1232 840 si
1276 791 1339 841 ad
1386 788 1606 857 potiora

171 862 396 915 vertifl‘et
417 902 431 925 ‚
454 877 709 932 quantum
727 861 858 914 boni
881 862 1084 914 efficere
1104 861 1397 930 potuiss‘et?
1425 879 1613 931 quam-·

173 952 312 1004 quam
333 936 518 988 minor
535 935 624 987 vis
642 935 799 987 bonis
831 933 989 1004 quiun
1016 936 1169 987 malis
1191 935 1321 987 inest
1341 954 1357 994 ·,
1382 952 1440 987 ac
1464 935 1608 988 sicut

171 1006 359 1081 ἆμιθῖα
403 1012 495 1083 μὶν
534 1008 761 1085 &elce-&-
787 1050 809 1081 ,
854 1007 1111 1086 λογισμὸς
1156 1004 1208 1067 δῖ
1247 1009 1384 1069 δἐι-νου
1427 1010 1565 1090 vigeo
1588 1049 1612 1082 5

171 1087 235 1141 ita
262 1088 401 1142 recta
438 1088 655 1158 ingenia
692 1087 927 1142 debilitat
962 1087 1284 1142 verecundia
1306 1127 1322 1153 ,
1358 1089 1611 1161 perversa

171 1161 440 1215 confirmat
472 1161 702 1216 audacia.
740 1159 1004 1231 Exemplo
1041 1160 1115 1231 est
1144 1161 1398 1234 Regulus.
1440 1163 1612 1214 Imbe-

171 1235 340 1289 cillum
395 1238 535 1289 latus
561 1275 576 1299 ‚
625 1252 689 1289 os
733 1235 1011 1290 confusum
1035 1275 1052 1300 ,
1088 1235 1331 1288 haefitans
1385 1234 1567 1304 lingua
1591 1274 1611 1302 ‚

171 1309 460 1363 tardissima
491 1307 741 1362 inventio
764 1348 780 1372 ,
812 1307 1074 1362 memoria
1104 1310 1287 1368 nulla·,
1311 1308 1448 1364 nihil
1467 1306 1613 1361 deni-

174 1398 265 1451 que
299 1398 497 1452 praetet
520 1383 794 1454 ingenium
822 1381 1102 1436 insanum:
1131 1382 1184 1434 δι
1204 1396 1386 1436 tamen
1411 1379 1482 1435 eo
1504 1381 1613 1434 im-

171 1455 416 1528 pudentia
439 1456 664 1525 ipsoque
695 1454 793 1510 illo
822 1456 1011 1524 furorex
1026 1455 1275 1524 pervenit
1299 1495 1314 1519 ‚
1338 1453 1399 1509 ut
1428 1473 1459 1509 a
1487 1456 1613 1526 plu,

173 1528 312 1583 rimis
336 1545 523 1584 orator
543 1529 810 1583 habeatur.
847 1530 1031 1599 Itaque
1056 1527 1360 1584 Herennius
1383 1529 1612 1587 Senecio

175 1602 391 1657 mirific'e
417 1602 645 1658 Catonis
681 1602 815 1656 illud
835 1603 898 1656 de
930 1617 1145 1656 oratore
1168 1603 1226 1656 in
1254 1604 1397 1655 hunc
1419 1621 1448 1655 e
1478 1619 1614 1658 con·-

174 1676 327 1730 trario
361 1676 570 1731 vertit:
608 1678 793 1729 Orator
824 1677 888 1741 est
919 1676 997 1729 vir
1024 1677 1173 1727 malus
1192 1711 1209 1736 ,
1244 1678 1431 1728 dicendi
1462 1676 1619 1745 impe·

175 1750 298 1808 ritus.
330 1752 460 1803 Non
496 1750 796 1804 mehercule
821 1753 956 1803 Cato
990 1749 1101 1822 ipse
1131 1765 1241 1804 tam
1267 1750 1403 1804 bene
1422 1766 1613 1808 verum

178 1839 438 1879 oratorem
459 1864 476 1891 ,
509 1823 668 1895 quem
698 1821 788 1878 hic
811 1823 1076 1896 Regulum
1100 1822 1383 1894 expressit.
1412 1822 1615 1878 Habes·
1686 1884 1689 1887 ,

176 1915 238 1952 ne
287 1917 398 1975 quo
454 1898 549 1952 tali
596 1897 848 1966 epistolae,
875 1916 1059 1968 parem
1103 1897 1327 1971 gratiam
1375 1898 1569 1951 referas
1592 1900 1616 1952 ἓ

176 1972 383 2038 Habes,
422 1971 472 2025 si
512 1971 778 2040 scripseris
813 1986 940 2025 num
971 1971 1164 2041 aliquis
1209 1971 1272 2024 in
1310 1970 1617 2041 municipio

177 2044 346 2099 vestro
394 2063 470 2099 ex
504 2045 766 2117 sodalibus
802 2045 936 2099 meis
966 2085 985 2109 ,
1031 2062 1161 2099 num
1200 2044 1361 2101 etiam
1399 2043 1511 2117 ipse
1557 2058 1617 2114 tu

177 2118 311 2173 hunc
345 2118 649 2173 lustuosum
689 2119 881 2190 Reguli
915 2118 1112 2177 librum
1135 2157 1153 2180 ,
1187 2133 1248 2171 ut
1288 2117 1574 2173 circulator
1595 2158 1616 2188 ,

179 2190 234 2246 in
249 2193 369 2248 foro
388 2192 584 2263 legeris
605 2231 620 2257 ‚
645 2192 838 2270 ἰπάμς
860 2193 1062 2247 scilicet
1076 2232 1092 2258 ,
1118 2207 1178 2245 ut
1207 2192 1282 2245 ait
1303 2189 1619 2261 Demosthe.-

179 2288 269 2325 nes
291 2311 309 2337 ,
346 2268 433 2338 τὸν
472 2269 629 2349 φαιὸν
661 2311 683 2343 ,
732 2275 826 2331 καὶ
864 2267 1093 2344 manmit
1130 2278 1226 2333 xa}
1272 2267 1622 2348 λαςυΓγῖζων.

179 2351 260 2407 Est
296 2351 447 2406 enim
476 2367 588 2409 tam
624 2353 842 2420 ineptus
868 2392 885 2417 ,
925 2368 988 2405 ut
1024 2352 1188 2409 risum
1227 2353 1396 2421 magis
1440 2350 1617 2419 possit

180 2427 480 2494 exprimere
494 2466 510 2492 ,
531 2424 687 2495 quiim
710 2426 987 2496 gemitum.
1015 2427 1208 2481 Credas
1231 2440 1344 2483 non
1361 2426 1424 2481 de
1447 2439 1617 2494 puero

179 2499 432 2570 ‚scriptum
450 2540 468 2567 ,
509 2501 601 2557 sed
633 2518 666 2557 a
685 2517 891 2572 puero.
928 2501 1085 2558 Vale.

1260 2995 1304 3048 E
1339 2992 1400 3048 iv
