1951 3720
372 335 467 432 98
696 333 965 403 Cart
1044 333 1461 402 ΡιιΝιι

389 456 1808 585 wffiffiiffiffiffiw

454 671 888 758 LIBER
1011 668 1799 792 QUARTUS„

374 842 422 897 1.
476 841 539 893 C.
579 839 840 893 Fut-uus
880 838 1136 889 Fun-ro
1178 834 1560 890 Puosocuo
1600 847 1750 888 svo.
1774 836 1829 891 Sa

433 961 704 1015 Adventum
726 953 863 1027 suum
891 957 1162 1027 significat,
1200 956 1359 1024 eodem
1379 957 1547 1008 itinere
1584 956 1778 1025 Tiferni

824 1053 1045 1124 templum
1073 1053 1390 1106 dedicamus.

388 1142 477 1239 C
497 1194 539 1234 u
559 1193 678 1233 ns
723 1175 844 1249 post
893 1179 1117 1247 longum
1162 1190 1375 1245 tempus
1425 1190 1645 1262 neptem
1690 1190 1834 1231 tuam

303 1313 309 1318 ,
381 1253 577 1328 ‘tneque
600 1269 705 1306 una
742 1253 945 1305 videre.
991 1250 1216 1302 Gratum
1247 1250 1322 1302 est
1356 1250 1567 1321 utrique
1598 1251 1834 1305 nostrum

387 1331 536 1398 quod
572 1327 762 1396 cupis3
801 1322 992 1378 mutuo
1047 1325 1364 1377 mehercule.
1415 1326 1552 1378 Nam
1594 1324 1835 1378 invicem

388 1420 491 1456 nos
509 1399 811 1454 incredibili
835 1400 1066 1467 quodam
1085 1397 1352 1450 desiderio
1370 1398 1531 1450 vestri
1552 1413 1835 1463 tenemur,

390 1478 539 1545 quod
567 1491 680 1527 non
702 1471 839 1525 ultra
870 1471 1194 1524 differemus.
1228 1473 1403 1541 Atque
1433 1474 1567 1523 adeo
1602 1471 1713 1538 jam
1741 1473 1839 1525 sar·

391 1551 596 1602 cinulas
633 1547 951 1616 alligamus,
995 1544 1284 1597 festinaturi
1328 1561 1585 1613 quantum
1623 1545 1837 1599 itineris

393 1623 535 1676 ratio
582 1620 900 1704 permiserit.
947 1618 1062 1672 Erit
1099 1635 1251 1681 una,
1299 1618 1389 1671 sed
1427 1619 1605 1671 brevis
1638 1636 1835 1672 mora:

393 1694 735 1749 deflectemus
767 1693 825 1745 in
842 1693 1082 1755 Tuscos,
1115 1709 1228 1744 non
1247 1707 1307 1744 ut
1328 1708 1484 1762 agros
1510 1709 1734 1761 remque
1762 1694 1837 1745 fa-

396 1769 662 1823 miliarem
697 1766 869 1820 oculis
908 1764 1285 1835 subjiciamus(
1317 1767 1373 1818 id
1410 1766 1554 1819 enim
1591 1766 1839 1835 postponi

394 1841 608 1914 potest)
631 1841 719 1895 sed
741 1856 798 1893 ut
816 1841 1095 1910 fungamur
1112 1838 1401 1894 neceffario
1420 1839 1619 1894 officio.
1661 1841 1839 1910 Oppi·

397 1918 522 1970 dum
559 1915 633 1968 est
669 1915 879 1991 praediis
910 1912 1103 1969 nostris
1134 1914 1417 1980 νιάιιιιιιι,
1449 1931 1653 1968 nomen
1676 1916 1841 1968 Tifer-

398 2007 529 2045 num
570 1983 912 2051 Tiberinum,
943 1990 1091 2057 qnod
1122 2005 1212 2041 me
1240 2004 1377 2059 pene
1409 1990 1580 2041 adhuc
1616 2005 1838 2057 puerum

399 2079 688 2134 patronum
718 2061 1001 2131 cooptavit
1019 2059 1170 2114 tanto
1188 2061 1392 2128 majore
1410 2061 1615 2124 studio,
1640 2062 1838 2132 quanto

400 2138 615 2191 minore
634 2135 853 2202 judicio.
874 2137 1152 2188 Adventus
1173 2151 1326 2188 meos
1350 2137 1605 2199 celebrat,
1629 2138 1838 2204 profec-

400 2211 641 2264 tionibus
673 2209 917 2280 angitur,
950 2208 1247 2263 honoribus
1274 2210 1483 2279 gaudet.
1521 2211 1583 2261 ln
1602 2210 1713 2262 hoc
1742 2227 1837 2280 ego

401 2299 463 2338 ut
483 2285 731 2337 referrem
752 2298 972 2353 granam
997 2284 1020 2351 (
1039 2300 1161 2335 nam
1179 2282 1329 2336 vinci
1350 2282 1415 2334 in
1434 2299 1618 2336 amore
1642 2284 1838 2352 turpis-

402 2357 603 2412 simum
623 2356 729 2425 est)
748 2360 1008 2425 templum
1028 2372 1146 2408 mea
1164 2356 1388 2425 pecunia
1407 2355 1678 2417 exstruxi3
1698 2356 1836 2423 cujus

402 2429 794 2485 dedicationem
819 2470 834 2494 ‚
872 2447 1038 2500 quum
1060 2430 1133 2483 sit
1165 2444 1406 2498 paratum
1426 2469 1441 2493 ‚
1474 2428 1690 2483 differre
1724 2433 1837 2484 lon-

406 2504 527 2576 gius
549 2544 564 2567 ‚
603 2504 959 2574 irreligiosum
989 2503 1079 2557 est.
1118 2502 1328 2556 Erimus
1360 2520 1490 2574 ergo
1527 2503 1605 2556 ibi
1636 2505 1836 2557 dedica-
1880 2568 1889 2572 ὁ

405 2577 578 2631 tionis
604 2577 689 2629 die
709 2618 723 2641 ‚
760 2595 917 2646 quem
936 2578 1099 2645 epulo
1121 2578 1380 2630 celebrare
1400 2576 1673 2632 constitui.
1713 2579 1835 2630 Sub·

404 2651 648 2706 sistemus
694 2651 907 2704 fortaffe
942 2651 996 2702 ὅ(
1029 2650 1270 2719 sequenti
1299 2670 1314 2703 t
1348 2651 1436 2702 sed
1481 2649 1633 2703 tanto
1676 2651 1833 2721 magis

406 2726 556 2780 viam
603 2724 772 2792 ipsam
820 2723 1209 2792 corripiemus..
1252 2725 1543 2794 Contingat
1582 2723 1744 2777 modo
1785 2738 1836 2775 te

406 2798 684 2867 filiamque
706 2814 851 2851 tuam
872 2799 1038 2851 fortes
1062 2797 1311 2850 invenire
1334 2802 1346 2851 !
1375 2815 1497 2850 nam
1519 2798 1711 2850 hilares
1730 2814 1836 2851 cer·

412 2888 530 2932 tum
558 2872 633 2930 est
652 2910 669 2940 ,
693 2871 743 2927 si
771 2889 873 2927 nos
896 2870 1195 2927 incolumes
1214 2872 1542 2943 receperitis.
1578 2872 1735 2928 Vale.
