1951 3720
376 313 819 386 TRAJANO
874 327 1268 385 orcus-s,
1374 313 1515 409 381*

112 448 222 488 nus:
254 449 400 505 putet
421 452 600 488 tamen
632 435 735 489 effe
776 435 1094 489 solvendum
1119 455 1134 495 3
1166 437 1515 506 fallacemque

112 510 241 562 unius
268 509 387 561 anni
432 509 590 562 fidem
637 510 889 563 omnibus
927 510 1081 562 annis
1104 549 1118 572 ,
1161 509 1514 580 omnibusque

111 582 258 651 postea
280 584 462 636 seculis
496 581 645 636 tanto
675 583 875 655 magis,
908 584 1033 654 quia
1063 600 1177 636 non
1204 583 1472 655 exigimus
1492 608 1526 649 .-

112 657 313 713 excuset.

167 729 401 783 XXXIII.
438 728 772 783 §misfactum
793 728 896 798 qua
926 729 1131 783 civium
1152 768 1167 793 ‚
1201 727 1303 798 qua
1336 729 1517 783 socio·

112 818 206 853 rum
243 803 569 857 utilitatibus,
641 803 838 855 Visum
879 803 952 856 est
1002 803 1355 871 spediaculum
1393 803 1518 856 inde

112 891 202 928 non
216 893 398 929 enerve
415 916 429 938 ,
453 894 551 930 nec
576 876 791 928 fluxum
814 915 829 940 ‚
845 893 944 930 nec
965 878 1111 946 quod
1134 876 1346 929 animos
1368 877 1515 930 viro-

113 965 206 1001 rum
240 950 462 1003 molliret
502 952 555 1003 &
585 951 849 1020 frangeret
870 989 885 1014 ‚
921 951 1012 1002 sed
1036 951 1181 1019 quod
1203 953 1265 1002 ad
1296 952 1520 1018 pulchra

112 1025 297 1075 vulnera
356 1039 831 1093 contemptumque
889 1023 1083 1076 mortis
1151 1026 1457 1077 accenderet
1498 1041 1519 1085 ς

115 1112 248 1164 quum
284 1097 338 1149 in
367 1098 645 1151 servorum
681 1097 843 1149 etiam
882 1097 1283 1166 noxiarumque
1318 1113 1521 1166 corpo-

116 1168 228 1222 ribus
248 1187 388 1223 amor
409 1171 582 1224 laudis
610 1173 662 1223 δι
681 1170 879 1239 cupido
908 1170 1154 1222 vidtoriae
1196 1185 1519 1226 cerneretur.

116 1242 258 1308 Quam
306 1246 490 1297 deinde
545 1246 604 1297 in
655 1246 862 1296 edendo
900 1243 1270 1296 liberalitatem
1298 1283 1313 1306 ,
1360 1260 1521 1312 quam

117 1312 328 1380 iustitiam
371 1319 650 1381 exhibuit,
694 1317 846 1370 omni
889 1315 1173 1369 affefflone
1222 1331 1311 1368 aut
1347 1317 1523 1369 intac-

117 1401 214 1451 tus,
249 1407 331 1444 aut
365 1391 536 1457 major
567 1396 579 1445 !
619 1392 968 1460 Mpetratum
1007 1389 1115 1452 est,
1155 1393 1301 1458 quod
1337 1390 1524 1458 postu-

117 1462 318 1518 labatur:
355 1468 592 1519 oblatum
614 1504 630 1530 ‚
665 1467 810 1534 quod
852 1481 962 1516 non
1006 1463 1382 1532 postulabatur.
1429 1466 1527 1517 In-

119 1534 226 1588 stitit
254 1541 389 1591 ultro
415 1579 430 1604 ‚
470 1541 523 1592 δι
568 1554 627 1590 ut
666 1538 1163 1607 concupisceremus
1199 1538 1523 1592 admonuit:

118 1624 165 1660 ac
184 1611 248 1662 sic
269 1630 473 1682 quoque
501 1615 656 1682 plura
685 1612 963 1680 inopinata
980 1651 995 1674 ‚
1020 1615 1171 1680 plura
1192 1611 1379 1664 subita.
1404 1612 1429 1664 J
1436 1618 1524 1664 am'

120 1682 247 1751 quam
277 1689 433 1739 libera
469 1686 824 1756 spectantium
868 1685 1068 1748 studia,
1110 1684 1270 1753 quam
1311 1683 1527 1737 securus

121 1756 277 1813 favor!
315 1761 529 1813 Nemini
580 1760 827 1828 impietas
850 1798 865 1822 ‚
903 1775 963 1812 ut
1004 1760 1238 1821 solebat,
1282 1755 1485 1820 obiecta
1507 1796 1526 1822 ‚

122 1829 238 1899 quod
279 1830 459 1889 odisset
516 1836 864 1907 gladiatorem
901 1852 915 1887 ε
967 1848 1132 1885 nemo
1163 1848 1194 1884 e
1232 1830 1528 1901 spectatore

123 1905 431 1973 spectaculum
463 1909 635 1963 factus
660 1948 676 1972 ‚
714 1908 930 1960 miseras
966 1910 1273 1974 voluptates
1308 1921 1448 1958 unco
1474 1907 1528 1959 &

123 1975 299 2048 ignibus
321 1983 595 2052 expiavit.
639 1984 877 2034 Demens
904 1982 996 2033 ille
1018 2019 1032 2042 ,
1058 1980 1281 2048 verique
1298 1980 1529 2032 honoris

125 2049 337 2121 ignum,
377 2058 470 2126 qui
503 2057 727 2109 crimina
765 2053 1048 2116 majestatis
1089 2053 1149 2105 in
1180 2070 1335 2105 arena
1371 2052 1529 2104 colli-

124 2128 280 2194 gebat,
317 2146 374 2183 ac
412 2131 466 2187 se
509 2129 709 2199 despici
747 2129 800 2180 δι
848 2126 1163 2190 contemni,
1209 2126 1315 2178 nisi
1366 2126 1530 2178 etiam

125 2201 401 2267 gladiatores
435 2203 553 2269 eius
580 2218 955 2255 veneraremur
982 2239 1000 2264 ‚
1033 2199 1137 2252 sibi
1173 2199 1312 2253 male
1342 2199 1451 2252 dici
1472 2200 1533 2252 in

126 2270 214 2325 illis
237 2314 251 2338 ‚
289 2277 428 2330 suam
469 2276 810 2330 divinitatem
844 2314 859 2338 ‚
899 2276 1051 2327 suum
1095 2290 1294 2327 numen
1331 2273 1532 2326 violari

126 2342 568 2416 interpretabatur-3
599 2367 763 2420 quum
795 2349 847 2401 se
869 2347 1009 2400 idem
1032 2349 1179 2416 quod
1208 2350 1369 2412 deos,
1389 2347 1533 2401 idem

127 2420 409 2487 gladiatores
435 2427 582 2495 quod
610 2426 664 2477 se
701 2424 934 2491 putabat.

184 2493 425 2551 XXXIV.
467 2501 536 2552 At
555 2514 641 2562 tu,
667 2496 869 2560 Caesar,
902 2493 1060 2564 quam
1083 2496 1361 2563 pulchrum
1384 2494 1535 2563 spec-

126 2570 325 2621 taculum
369 2588 469 2640 pro
519 2571 619 2624 illo
675 2571 829 2623 nobis
877 2569 1186 2622 exsecrabili
1227 2567 1533 2623 reddidisti!

128 2637 347 2696 Vidimus
366 2647 660 2699 delatorum
680 2659 871 2714 agmen
898 2642 1169 2694 inducium
1185 2680 1200 2701 ,
1221 2642 1371 2711 quasi
1392 2640 1536 2711 gras-

129 2710 332 2768 satorum
353 2757 368 2782 ,
408 2720 559 2789 quasi
577 2722 865 2772 latronum.
899 2718 1029 2768 Non
1047 2716 1387 2767 solitudinem
1413 2714 1492 2766 illi
1516 2752 1535 2780 ‚

127 2800 220 2838 non
257 2790 353 2842 iter
372 2830 390 2855 ,
421 2794 509 2845 sed
557 2793 816 2859 templum
839 2829 854 2852 ,
884 2791 972 2842 sed
1008 2790 1185 2842 forum
1216 2788 1537 2842 insederant.

129 2858 262 2913 Nulla
289 2862 389 2927 iam
431 2865 736 2919 testamenta
773 2864 952 2916 secura
971 2902 988 2928 ‚
1024 2865 1199 2915 nullus
1230 2861 1387 2913 status
1420 2877 1539 2913 cer-

131 2943 230 2989 tus:
254 2953 362 2991 non
394 2938 627 3007 orbitas,
649 2954 764 2993 non
779 2937 934 2993 liberi
953 2939 1261 3008 proderant.
1300 2935 1538 2990 Auxerat
