1951 3720
397 324 527 399 188
721 325 1480 394 CAIIPL1N11

383 447 672 501 videretur.
731 448 852 499 Hoc
902 462 1029 499 tunc
1076 463 1221 516 ego:
1263 446 1351 498 sed
1406 462 1520 500 non
1571 444 1826 499 omnibus

384 522 566 571 eadem
591 522 797 588 placent
817 559 832 583 ,
858 537 926 571 ne
943 520 1277 572 conveniunt
1301 519 1530 587 quidem.
1570 519 1831 571 Praeterea>

384 591 612 645 faciendi
659 593 862 661 aliquid
914 595 1008 645 vel
1056 609 1169 644 non
1218 591 1450 644 faciendi
1508 608 1637 643 vera
1690 592 1829 643 ratio·

388 682 552 732 quum
588 666 870 717 homiuum
906 665 1178 733 ipsorum,
1223 680 1337 716 tum
1373 682 1548 720 rerum
1571 664 1743 716 etiam
1770 681 1829 716 ac

386 747 691 803 temporum
739 739 1053 790 conditione
1100 752 1348 790 mutatur.
1409 740 1547 789 Nam
1598 737 1826 789 recentia

390 826 554 877 opera
574 811 795 862 maximi
815 811 1076 879 Principis
1095 812 1328 878 praebent
1339 812 1643 863 facultatem
1664 827 1824 873 nova,

390 899 578 950 magna
602 921 618 945 ‚
656 902 784 936 vera
825 884 1070 936 censendi
1106 903 1119 935 :
1158 884 1346 952 quibus
1383 900 1453 934 ex
1493 883 1671 935 causis
1713 884 1734 949 (
1773 897 1827 933 ut

390 954 543 1021 supra
576 955 801 1023 scripsi)
831 957 1045 1020 dubim,
1078 973 1144 1008 an
1173 957 1316 1008 idem
1336 972 1475 1007 nunc
1510 955 1650 1019 tibi,
1691 957 1831 1023 quod

391 1040 518 1079 tunc
552 1028 684 1080 mihi
700 1068 714 1093 ‚
740 1029 1001 1082 suadeam.
1035 1031 1173 1082 Illud
1200 1045 1313 1080 non
1338 1029 1522 1081 dubito
1546 1068 1561 1091 ,
1600 1026 1831 1080 debuiffe

391 1116 478 1223 ἔπιε
510 1099 567 1151 in
591 1117 737 1168 parte
773 1102 990 1155 consilii
1010 1103 1088 1155 tui
1119 1118 1320 1171 ponere
1342 1141 1357 1167 ,
1384 1102 1512 1170 quid
1544 1101 1661 1169 ipse
1684 1100 1839 1160 fecis*

420 1189 524 1225 em.
564 1175 722 1228 Vale.

449 1292 766 1346 XXVIII.
808 1293 1136 1346 Puruus
1177 1293 1480 1345 Pon-no
1523 1305 1685 1344 suo
1727 1293 1780 1346 S.

393 1414 483 1465 De
518 1414 667 1465 missis
704 1416 769 1462 ad
791 1410 846 1480 se
891 1413 1041 1481 copiis
1081 1428 1178 1463 tam
1217 1412 1407 1464 urbanis
1429 1447 1444 1473 ,
1485 1414 1621 1482 queim
1660 1414 1833 1477 rusticis

936 1509 1118 1577 gratias
1165 1509 1281 1578 agit.

403 1598 615 1689 Sclo
669 1650 784 1700 quae
833 1631 931 1682 tibi
989 1630 1139 1682 causa
1187 1630 1347 1682 fuerit
1406 1628 1832 1698 impedimenm,

397 1705 687 1773 quominus
720 1721 1035 1771 praecurrere
1067 1705 1352 1754 adventum
1391 1720 1568 1755 meum
1594 1704 1655 1755 in
1686 1709 1836 1757 Cam·

396 1780 609 1845 paniam
649 1776 824 1844 pofl‘es
861 1796 875 1829 z
920 1778 1008 1828 sed
1049 1793 1366 1844 quamquam
1415 1777 1595 1829 absens
1630 1817 1649 1840 ,
1698 1794 1837 1830 totus

396 1850 501 1902 huc
532 1850 798 1919 migrasti3
837 1865 1042 1903 tantum
1079 1849 1213 1900 mihi
1243 1848 1517 1917 copiarum
1548 1850 1655 1919 qua
1689 1854 1839 1904 urba-

398 1939 585 1974 narum
622 1923 724 1992 qua
754 1923 1057 1975 rusticarum
1086 1923 1306 1974 nomine
1340 1938 1435 1973 tuo
1467 1925 1712 1976 oblatum
1735 1925 1833 1987 est,

400 2012 529 2062 quas
584 2013 771 2048 omnes
820 1994 1063 2063 improbe
1105 1994 1318 2062 quidem
1341 2035 1357 2058 ‚
1406 1997 1586 2063 accepi
1639 2012 1837 2050 tamen.

398 2070 538 2120 Nam
572 2087 656 2120 me
688 2069 765 2120 tui
795 2084 855 2120 ut
883 2069 957 2120 ita
989 2068 1215 2119 facerem
1237 2069 1519 2137 rogabant3
1543 2070 1596 2122 ὃ(
1616 2073 1839 2122 verebar

399 2157 467 2192 ne
501 2142 553 2191 δε
583 2142 716 2192 mihi
758 2143 809 2192 δε
841 2142 946 2194 illis
978 2141 1268 2192 irascereris
1290 2180 1307 2204 ‚
1347 2141 1394 2193 si
1432 2158 1545 2193 non
1583 2142 1839 2195 fecifl'enu

398 2214 463 2265 In
497 2213 763 2280 posterum
783 2253 797 2276 ,
826 2214 931 2265 nisi
955 2213 1249 2265 adhibueris
1282 2216 1529 2277 modum,
1568 2232 1678 2283 ego
1703 2216 1836 2267 adhi-

399 2286 553 2338 beb0.
615 2289 679 2338 Et
718 2286 822 2350 iam
864 2286 968 2338 tuis
1019 2287 1330 2338 denuntiavi
1365 2327 1379 2350 ‚
1434 2288 1480 2338 si
1517 2289 1698 2340 rursus
1735 2303 1835 2339 tam-

400 2360 566 2409 multa
595 2359 881 2410 attulissent
900 2399 916 2424 ‚
950 2359 1131 2411 omnia
1148 2363 1424 2413 relaturos,
1459 2360 1624 2412 Dices
1649 2401 1664 2423 ‚
1699 2380 1834 2428 opor-

403 2447 501 2481 tere
524 2451 593 2481 me
616 2434 706 2482 tm's
738 2435 870 2483 rebus
900 2450 952 2482 ut
985 2434 1097 2482 meis
1122 2435 1191 2482 uti
1211 2451 1227 2484 .·
1267 2433 1428 2486 etiam
1454 2451 1470 2493 ⁶,
1497 2433 1587 2487 sed
1615 2434 1833 2502 perinde

403 2503 511 2556 inis
548 2521 607 2557 ac
647 2505 779 2564 meis
806 2523 989 2575 parco.
1024 2507 1183 2560 Vale.
