1951 3720
68 450 77 457 ·
194 356 1618 490 ffiaeffiffiw

161 564 411 665 'DE'
446 583 931 671 PLINIO
968 576 1633 676 ..IUNIORE

196 742 321 852 C.
336 788 553 851 Plinius
574 789 842 854 Caecilius
859 791 1155 854 Secundus
1171 789 1350 854 Comi
1365 793 1425 852 in
1439 788 1634 853 Gallia

188 864 607 951 Transpadana
653 890 819 933 natus
881 873 962 935 est
1015 892 1170 934 anno
1213 873 1421 934 Romae
1471 872 1634 945 814,

189 945 403 1010 Christi
424 952 504 1012 62
523 999 546 1024 ,
570 952 822 1015 Neronis
849 954 905 1015 6.
931 953 1160 1016 Patrem
1178 954 1375 1014 hahuit
1397 953 1466 1013 L.
1495 951 1638 1013 Cae·

186 1030 390 1090 cilium
416 1031 940 1096 Novocomensem
970 1081 991 1110 ‚
1032 1033 1192 1115 cujus
1211 1033 1423 1096 illustre
1447 1053 1633 1116 genus

189 1108 357 1172 fuisse
422 1134 603 1195 quum
643 1116 751 1175 alia
774 1160 793 1189 ,
838 1132 961 1175 tum
1021 1116 1082 1176 id
1121 1117 1486 1197 potissimixm
1523 1115 1630 1175 de·-

185 1191 480 1253 monstrat
508 1239 532 1267 ,
573 1195 733 1276 qubd
783 1217 1031 1257 uxorem
1076 1195 1316 1257 duxisset
1365 1195 1632 1256 Pliniam.
1743 1195 1751 1205 ’

183 1269 339 1331 Haec
357 1277 516 1335 enim
546 1274 707 1337 soror
732 1276 839 1337 fuit
867 1275 942 1338 C.
974 1277 1139 1337 Plinii
1165 1276 1415 1339 Secundi
1440 1276 1637 1337 Vero—

184 1352 380 1415 nenfis
403 1400 426 1427 ‚
465 1359 575 1417 viri
605 1357 864 1417 decirina
884 1402 905 1429 ,
949 1359 1160 1438 opibus
1184 1404 1203 1432 ‚
1252 1358 1317 1418 ὃς
1351 1357 1632 1439 dignitate

185 1434 504 1514 praestantis
525 1482 545 1512 ,
584 1434 745 1516 eujus
762 1442 992 1527 triginta
1012 1439 1234 1520 septem
1256 1458 1448 1499 rerum
1471 1456 1632 1499 natu-

184 1515 394 1576 ralium
436 1518 614 1578 libros
658 1518 883 1591 summo
916 1518 1101 1580 studio
1142 1521 1207 1579 &
1247 1520 1454 1580 labore
1475 1539 1632 1578 con-

182 1595 434 1676 scriptos
473 1599 772 1660 babemus,
808 1598 863 1659 Is
905 1600 1115 1661 sororis
1150 1598 1329 1660 filium
1356 1644 1376 1673 ‚
1417 1599 1630 1660 orbum

182 1694 352 1757 patre
378 1725 399 1753 ‚
438 1679 505 1751 ¹&
540 1679 812 1762 Virginio
850 1679 1007 1741 Rufo
1046 1683 1300 1740 maximo
1339 1681 1402 1740 δι
1430 1679 1630 1738 claris-

184 1759 339 1819 simo
365 1761 480 1819 civi
505 1805 525 1833 ,
557 1764 653 1842 qui
682 1762 934 1822 delatum
955 1761 1059 1821 fibi
1080 1783 1113 1821 a
1137 1760 1411 1821 militibus
1432 1761 1630 1839 impe-

183 1841 335 1900 rium
363 1841 453 1901 bis
473 1841 850 1917 recusaverat,
863 1845 921 1902 in
947 1843 1188 1903 tutelam
1207 1841 1509 1912 traditum,
1529 1840 1631 1901 ad-

184 1925 441 2001 optavit.
468 1921 716 2005 Quippe
738 1924 978 1985 videbat
1005 1944 1138 1985 eum
1159 1923 1361 1984 natura
1382 1923 1440 1983 ὃ(
1466 1928 1629 2005 inge·-

184 2005 290 2062 nio
327 2004 637 2064 excellenti
674 2013 793 2065 non
829 2005 1012 2064 solil‘m
1049 2006 1416 2086 amplissima
1444 2002 1631 2064 fortu-

184 2103 281 2142 nae
321 2082 473 2159 suae‚
518 2083 617 2145 sed
650 2086 711 2145 &
746 2084 1063 2146 studiorum
1100 2107 1168 2145 ac
1199 2087 1452 2145 nominis
1494 2082 1626 2145 fore

185 2163 590 2246 dignissimum
625 2166 922 2227 heredem.
958 2166 1140 2227 'Hunc
1174 2167 1274 2228 vel
1314 2186 1348 2225 a
1385 2166 1629 2246 pueritia

184 2264 531 2326 promptum
583 2248 646 2306 &
692 2247 942 2308 alacrem
988 2247 1064 2307 ad
1125 2245 1304 2307 studia
1349 2246 1630 2328 praeclaris

184 2326 402 2387 artibus
421 2328 607 2387 imbui
623 2331 843 2390 curavit
867 2374 888 2403 ,
917 2349 1057 2410 quas
1078 2329 1235 2389 tanta
1255 2330 1467 2409 ingenii
1483 2326 1628 2387 ‘faci-

182 2406 347 2467 litate
400 2408 710 2489 perdidicit
749 2454 769 2483 ‚
831 2427 895 2470 ut
946 2430 1102 2471 anno
1152 2410 1331 2470 aetatis
1391 2408 1625 2469 decimo

184 2506 393 2569 quarto
465 2489 811 2571 tragoediam
870 2488 1144 2551 Graecam
1210 2488 1630 2570 conscripserit&

185 2568 343 2629 Hinc
378 2569 453 2629 ad
488 2572 839 2631 rhetoricam
872 2569 1240 2653 'transgressus
1262 2615 1285 2642 ‚
1336 2571 1626 2710 eloguen-

178 2652 281 2709 tiae
307 2648 610 2733 magistros
643 2652 838 2713 habuit
875 2652 1234 2713 M.‘Fabium
1267 2649 1435 2730 Quin

184 2752 324 2790 num
344 2776 364 2804 ‚
392 2734 527 2791 artis
548 2737 812 2793 oratoriae
839 2732 1361 2813 praestantissimum
1381 2732 1628 2813 scripto-

124 2848 136 2855 «
180 2831 310 2871 rem
334 2857 356 2886 ‚
390 2813 455 2873 &
485 2811 759 2875 Nicetem
780 2813 1162 2896 Sacerdotem
1184 2861 1205 2891 ,
1230 2812 1534 2896 sophistam
1555 2811 1628 2873 δι
1750 2835 1766 2852 ·

187 2910 479 2955 oratorem
515 2898 837 2979 egregium.

1494 2650 1626 2710 ilia·-
1639 2709 1644 2718 ,

1281 2972 1384 3054 aij
