1951 3720
372 319 522 404 '430
661 310 1529 399 ‚PANEGratcvs

365 431 658 493 destruebat
684 431 901 487 infamia
922 448 941 491 ·‚
974 431 1030 484 δι
1051 448 1120 484 ne
1137 429 1366 483 maximi
1382 427 1535 483 cives
1565 427 1823 481 haberen-

373 520 462 559 tur
498 508 605 559 hoc
641 505 897 559 efficiebat
917 544 934 569 ‚
978 501 1124 573 quod
1155 503 1335 557 mariti
1372 503 1617 557 minores
1662 515 1825 556 erant.

371 578 497 632 Tibi
517 596 658 631 uxor
688 579 747 632 in
782 580 940 632 decus
962 579 1016 630 ὃ(
1035 577 1264 649 gloriam
1294 577 1454 630 cedit.
1492 574 1651 644 Quid
1685 575 1826 628 enim

372 652 467 704 illa
490 651 750 706 sanctius.
734 655 757 692 ὃ
807 652 935 720 quid
958 652 1270 720 antiquius?
1311 651 1556 713 Nonne,
1601 648 1653 701 si
1691 665 1826 718 pon-

375 724 516 777 tifici
546 724 786 778 maximo
805 725 1082 796 deligenda
1105 725 1177 777 sit
1193 723 1440 788 conjux,
1467 737 1562 776 aut
1579 723 1724 775 hanc
1744 735 1827 773 aut

375 798 612 852 similem
637 800 655 863 (
677 800 767 851 ubi
786 799 859 852 est
876 813 1053 851 autem
1072 796 1303 851 similis?
1324 796 1345 863 )
1364 796 1631 865 elegerit?
1654 793 1826 862 Quam

377 870 472 924 illa
491 872 627 924 nihil
647 872 748 924 sibi
772 889 843 924 ex
863 873 1076 924 fortuna
1095 887 1214 935 tua,
1244 869 1352 923 nisi
1371 869 1631 940 gaudium
1650 868 1826 921 vindi-

378 960 500 999 cat.
488 951 498 984 ⁸
542 963 700 1014 quam
729 944 1028 999 constanter
1058 961 1170 998 non
1197 944 1497 1013 potentiam
1523 958 1719 1006 tuam,
1748 942 1829 995 sed

380 1016 556 1086 ipsum
595 1034 647 1071 te
693 1035 966 1072 reveretur
1009 1023 1022 1073 Ξ
1071 1020 1220 1071 Idem
1254 1017 1375 1070 estis
1412 1015 1663 1070 invicem
1695 1015 1830 1085 quod

379 1090 586 1145 fuistis.
627 1093 865 1160 probatis
885 1110 956 1147 ex
978 1109 1171 1161 aequo,
1204 1092 1445 1160 nihilque
1468 1090 1641 1143 vobis
1666 1088 1830 1143 felici

382 1178 462 1217 tas
482 1165 715 1228 addidit,
748 1166 854 1219 nisi
880 1164 1028 1249 quod
1051 1165 1182 1218 scire
1202 1163 1475 1233 εωρίίὶίε,
1510 1180 1684 1232 quam
1707 1164 1831 1216 bene

380 1253 605 1313 uterque
637 1239 866 1292 vestrum
897 1228 1208 1293 felicitatem
1236 1238 1387 1291 ferat.
1440 1238 1650 1291 Eadem
1681 1253 1830 1307 quam
1918 1302 1920 1305 Ι

382 1308 594 1365 modica
623 1316 804 1367 cultu!
834 1330 993 1382 quam
1016 1329 1170 1381 parca
1187 1311 1480 1365 comitatu!
1518 1327 1690 1380 quam
1709 1310 1833 1363 civi·

381 1384 452 1441 lis
488 1383 729 1439 inceffu.
717 1391 728 1424 ¹
779 1386 968 1439 Mariti
1002 1387 1108 1440 hoc
1138 1403 1313 1454 opus,
1355 1384 1450 1454 qui
1488 1384 1563 1437 ita
1599 1383 1795 1436 imbuit
1813 1421 1831 1449 ,

382 1458 458 1512 ita
486 1458 726 1513 instituit.
760 1463 899 1513 Nam
931 1459 1095 1513 uxori
1130 1459 1321 1513 sufficit
1350 1458 1600 1527 obsequii
1644 1457 1832 1529 gloria.

381 1533 471 1584 An
502 1550 668 1602 quum
697 1533 879 1586 videat
915 1551 1091 1603 quam
1111 1548 1164 1586 te
1204 1535 1383 1585 nullus
1414 1546 1635 1595 terror,
1694 1533 1833 1585 nulla

382 1606 674 1663 comitetur
707 1607 983 1673 ambitio,
1023 1624 1145 1660 ιιοιι
1177 1608 1230 1660 δι
1277 1605 1390 1674 ipsa
1437 1622 1565 1658 cum
1615 1603 1833 1658 silentio

383 1678 626 1734 incedat?
669 1646 1164 1751 ingredientemque
1192 1680 1415 1749 pedibus
1446 1677 1751 1743 maritum,
1783 1677 1833 1730 in
1918 1680 1920 1745 j

386 1768 644 1821 quantum
666 1755 866 1821 patitur
896 1755 1093 1818 sexus,
1130 1753 1412 1806 imitetur?
1443 1752 1714 1805 Decuerit
1730 1753 1835 1805 hoc
1918 1756 1920 1803 i

383 1824 567 1893 illam,
609 1827 822 1882 etiamsi
865 1827 1074 1881 diversa
1111 1840 1172 1880 tu
1205 1826 1382 1882 facias.
1421 1826 1531 1882 Sub
1564 1826 1670 1879 hac
1704 1822 1836 1879 vero

386 1901 641 1968 modestia
662 1902 810 1962 viri,
843 1916 1096 1972 quantam
1120 1901 1274 1958 debet
1289 1889 1676 1970 verecundiam
1699 1916 1835 1955 uxor

386 1974 625 2038 marito,
666 1975 865 2044 femina
886 1975 1028 2029 sibi!

345 2099 346 2102 ,
459 2014 792 2118 LXXXIV..
814 2050 1001 2116 Soror
1016 2061 1196 2116 autem
1221 2023 1365 2112 tua,
1407 2062 1470 2100 ιιι
1510 2048 1568 2101 se
1592 2047 1832 2101 sororem

387 2117 495 2175 esse
531 2122 778 2176 meminit
801 2127 816 2177 1
844 2137 903 2175 ιιι
921 2122 983 2176 in
1001 2121 1204 2178 illaiua
1231 2120 1554 2190 simplicitas
1572 2158 1591 2187 ‚
1633 2136 1729 2173 tua
1743 2139 1834 2173 ve·

385 2196 567 2258 ritas,
615 2210 738 2247 tuus
779 2198 981 2252 candor
1014 2194 1357 2265 agnosciturl
1386 2209 1445 2248 ιιι
1473 2196 1521 2248 si
1558 2194 1685 2265 quis
1725 2211 1834 2249 eam
1916 2235 1917 2238 η

386 2268 551 2322 uxori
573 2283 678 2322 tuae
699 2270 975 2336 conferat,
1007 2268 1243 2328 dubitare
1260 2283 1522 2339 cogatur,
1564 2283 1756 2352 utrum
1773 2267 1836 2320 sit

387 2342 650 2395 efficacius
670 2344 735 2396 ad
763 2341 903 2414 τεᾶς
924 2342 1258 2411 vivendum,
1299 2344 1435 2395 bene
1465 2307 1719 2407 institui,
1755 2353 1837 2402 aut

384 2415 615 2474 feliciter
655 2415 815 2470 nasci.
850 2416 1003 2469 Nihil
1033 2415 1107 2469 est
1139 2431 1251 2468 tam
1278 2432 1510 2484 pronum
1538 2418 1612 2468 ad
1645 2415 1838 2469 simul·

389 2504 526 2542 tates
559 2487 718 2557 quam
740 2490 1049 2553 aemulatio,
1086 2488 1144 2542 in
1176 2488 1392 2542 feminis
1414 2488 1756 2558 praesertim.
1779 2505 1840 2544 ea

388 2561 558 2634 porro
588 2562 823 2616 maxime
851 2563 1082 2616 nascitur
1117 2580 1190 2620 ex
1223 2561 1640 2629 ςοιιῇιιιιᾶἰοιιε,
1681 2562 1840 2615 alitur

390 2636 729 2705 equalitate,
778 2636 1071 2690 exardescit
1108 2634 1356 2701 invidia,
1400 2634 1552 2702 cuius
1593 2635 1730 2689 finis
1768 2634 1837 2689 est

387 2711 598 2776 odium.
639 2707 766 2777 Quo
798 2711 1015 2780 quidem
1045 2709 1402 2763 admirabilius
1420 2709 1837 2764 existimandum

391 2783 503 2849 est,
536 2781 681 2852 quod
703 2784 1013 2848 mulieribus
1037 2784 1271 2836 duabus
1256 2800 1316 2835 ιιι
1331 2800 1434 2836 una
1459 2785 1670 2847 domo,
1698 2782 1836 2853 pari·

387 2856 499 2926 que
529 2856 773 2922 fortuna,
804 2859 1012 2911 nullum
1047 2871 1353 2921 certamen,
1384 2859 1527 2910 nulla
1548 2856 1835 2920 contentio

389 2929 489 3002 pst.
511 2928 845 3000 suspiciunt
830 2932 1105 2999 invicem„
1136 2931 1375 2988 invicem
1391 2933 1625 2992 cedunt·,
1648 2946 1837 3001 quum·
