1951 3720
365 349 456 443 78
715 348 969 416 can
1042 350 1468 419 PLINIJ

370 472 587 540 quidem
622 472 833 543 gloria,
866 470 925 523 in
972 470 1155 525 studiis
1198 472 1531 540 praesertim,
1569 472 1814 543 quiddam

369 541 734 610 accusemur:
761 544 916 598 nobis
936 559 1117 600 tamen
1139 547 1346 599 nullum
1376 561 1674 613 certamen,
1700 551 1816 601 nul·

368 627 421 676 la
452 624 770 683 contentio;
814 639 980 692 quum
1013 637 1236 692 uterque
1267 622 1384 691 pari
1411 622 1540 693 jugo
1568 640 1682 675 non
1722 639 1816 690 pro

371 698 427 750 se
448 737 463 761 ‚
489 699 577 750 sed
613 715 714 766 pro
742 696 891 749 causa
925 695 1202 750 niteretur.
1234 695 1397 763 Cujus
1424 697 1476 748 δι
1507 696 1816 766 magnitudo

375 771 431 823 &
466 771 669 824 utilitas
711 770 828 823 visa
850 768 924 822 est
960 770 1262 837 postulare,
1297 787 1365 823 ne
1396 784 1602 822 tantum
1638 770 1815 822 oneris

374 843 599 913 singulis
619 842 914 895 astionibus
936 842 1247 896 subiremus.
1278 845 1610 896 Verebamur
1629 859 1699 894 ne
1722 858 1818 894 nos

374 917 486 969 dies
509 933 623 980 ‚·ne
653 933 770 968 vox
791 955 808 979 ,
846 930 914 968 ne
943 918 1110 968 latera
1145 916 1430 977 deficerent
1455 956 1471 980 ‚
1504 917 1553 968 si
1592 930 1678 967 tot
1721 916 1819 967 cri·

377 990 520 1041 mina
543 1029 557 1053 ‚
591 1005 674 1041 tot
704 1007 827 1041 reos
851 1006 962 1042 uno
981 992 1135 1043 velut
1152 990 1289 1043 fasce
1308 990 1819 1058 complecteremun

375 1063 564 1114 deinde
606 1080 673 1115 ne
709 1061 945 1128 judicum
995 1063 1227 1115 intentio
1275 1062 1459 1117 multis
1514 1061 1820 1115 nominibus

379 1137 667 1203 multisque
709 1134 880 1189 causis
920 1152 1034 1187 non
1068 1135 1337 1189 laffaretur
1382 1133 1549 1189 modo
1574 1176 1590 1199 ‚
1634 1134 1820 1188 verum

375 1210 537 1261 etiam
577 1209 1032 1269 confundet-etum
1078 1224 1213 1262 mox
1253 1226 1321 1263 ne
1369 1210 1535 1280 gratia
1583 1208 1820 1278 singulo-

378 1298 496 1334 rum
535 1284 728 1335 collata
765 1298 922 1351 atque
963 1281 1210 1350 permista
1241 1322 1261 1348 ,
1290 1300 1391 1351 pro
1429 1281 1660 1351 singulis
1692 1298 1822 1351 quo-

379 1372 484 1424 que
523 1354 670 1407 vires
709 1355 955 1408 omnium
992 1355 1293 1424 acciperet·,
1327 1352 1601 1424 postremo
1627 1371 1697 1407 ne
1726 1370 1821 1423 po-

379 1427 671 1480 tentissimi
704 1468 724 1493 ‚
780 1427 1054 1482 vilissimo
1104 1446 1321 1498 quoque
1371 1428 1523 1497 quasi
1569 1426 1823 1497 piaculari

381 1502 505 1553 dato
531 1540 545 1564 ‚
585 1501 773 1553 alienis
822 1502 1004 1569 poenis
1052 1503 1402 1557 elaberentur.
1448 1501 1665 1554 Etenim
1717 1517 1824 1553 tum

380 1573 622 1627 maxime
648 1575 804 1629 favor
840 1576 893 1627 δι
925 1574 1153 1628 ambitio
1172 1574 1477 1628 dominatur
1496 1613 1514 1640 ‚
1552 1591 1723 1645 quum
1742 1574 1828 1626 sub

380 1648 557 1716 aliqua
594 1648 767 1716 specie
789 1648 1091 1701 severitatis
1129 1649 1432 1702 delitescere
1469 1648 1662 1717 potest.
1714 1649 1828 1700 Erat

379 1720 440 1774 in
483 1722 715 1788 consilio
764 1722 1134 1776 Sertorianum
1169 1721 1301 1775 illud
1345 1725 1660 1791 exemplum
1683 1761 1699 1786 ‚
1742 1722 1827 1790 qui

381 1795 805 1847 robustissimum
844 1796 896 1847 ὃ(
938 1794 1367 1849 infirmissimum
1408 1796 1638 1848 militem
1679 1794 1829 1864 jussit

380 1871 598 1921 caudam
633 1869 797 1938 equi:
838 1870 1044 1940 reliqua
1079 1869 1239 1924 nosti.
1295 1873 1433 1927 Nam
1473 1888 1575 1923 nos
1612 1886 1829 1939 qnoque

383 1956 492 1994 tam
513 1944 854 1995 numerosum
878 1961 1071 2012 agmen
1091 1960 1306 1996 reorum
1328 1943 1403 1995 ita
1439 1945 1654 1996 demum
1681 1942 1829 1996 vide-

337 2071 341 2073 ,
383 2017 569 2068 bamus
609 2015 757 2084 poss'e
792 2017 1069 2082 superari,
1108 2017 1155 2069 si
1176 2035 1274 2085 per
1308 2017 1550 2086 singulos
1588 2032 1825 2085 carpere·

384 2101 490 2142 tur.
537 2089 738 2141 Placuit
758 2090 816 2140 in
833 2089 1022 2156 primis
1046 2090 1218 2158 ipsum
1240 2091 1534 2143 Classicum
1557 2089 1842 2142 ostendere-

384 2178 715 2214 nocentem:
746 2162 834 2214 hic
870 2163 1183 2230 aptissimus
1210 2165 1276 2216 ad
1302 2163 1480 2216 socios
1504 2161 1617 2228 ejus
1651 2163 1708 2216 ὃ(
1731 2162 1823 2214 mi·

382 2235 576 2287 nistros
601 2235 852 2287 transitus
873 2251 985 2288 erat
1005 2237 1172 2304 ,quia
1189 2235 1325 2289 socii
1346 2236 1683 2305 ministrique
1716 2251 1829 2305 pro·

382 2308 531 2372 bari,
575 2308 680 2361 nisi
709 2309 806 2360 illo
842 2324 1114 2374 nocente,
1150 2326 1263 2362 non
1299 2323 1566 2378 poterant.
1604 2310 1692 2361 Ex
1714 2309 1825 2378 qui-

382 2381 480 2434 hus
544 2383 678 2433 duos
728 2381 901 2433 statim
955 2383 1196 2436 Classico
1244 2381 1559 2448 junximus,
1595 2383 1826 2436 Baebium

382 2453 615 2507 Probum
632 2493 650 2519 ,
668 2455 720 2505 ὅ(
743 2457 958 2507 Fabium
980 2455 1275 2524 Hispanum
1293 2497 1308 2520 ,
1328 2472 1611 2525 utrumque
1633 2455 1797 2526 gratia
1810 2492 1827 2517 „

383 2527 681 2595 Hispanum
706 2529 867 2580 etiam
888 2529 1133 2582 facundia
1159 2529 1416 2583 validum.
1442 2531 1508 2581 Et
1531 2529 1672 2582 circa
1693 2531 1826 2582 Clas·

386 2599 557 2653 sicu'm
602 2602 814 2670 quidem
857 2602 1038 2654 brevis
1080 2605 1133 2655 &
1175 2603 1456 2670 expeditus
1502 2604 1669 2656 labor.
1729 2601 1827 2654 Sui

385 2691 546 2731 manu
575 2675 859 2742 reliquerat
897 2675 1151 2742 scriptum
1173 2715 1190 2739 ‚
1228 2677 1357 2744 quid
1390 2693 1462 2729 ex
1491 2692 1703 2744 quaque
1743 2692 1825 2738 re,

386 2748 515 2816 quid
549 2763 619 2800 ex
643 2766 849 2816 quaque
884 2749 1034 2802 causa
1066 2749 1360 2818 accepifl‘et.
1411 2748 1633 2802 Miserat
1670 2748 1826 2801 etiam

386 2821 635 2888 epistolas
660 2823 889 2873 Romam
909 2823 974 2874 ad
998 2823 1278 2875 amiculam
1303 2825 1581 2891 quamdam
1597 2861 1616 2887 ,
1633 2821 1826 2887 jaetan-

384 2908 466 2946 tes
506 2896 559 2947 ὅ(
594 2894 852 2963 gloriosas
884 2935 900 2960 ‚
954 2894 1038 2947 his
1089 2897 1302 2964 quidem
1335 2895 1552 2954 verbis·,
1595 2895 1655 2947 Io
1680 2930 1696 2955 ,
1739 2897 1786 2946 io
1810 2927 1826 2952 ,

378 2968 512 3022 liber
544 2972 609 3018 ad
643 2984 690 3018 te
721 2971 858 3021 venio
885 2985 902 3018 .·
915 2969 1021 3037 jam
1047 2967 1307 3038 sestertium
1331 2971 1607 3042 quadragies
1633 2970 1789 3039 redegi
1809 3002 1827 3025 2
