1951 3720
411 296 1048 364 EPISTOLAE.
1101 298 1245 366 Lib.
1279 300 1328 368 Ι.
1481 319 1572 390 27

144 415 485 486 imperspicua
510 454 527 478 ,
566 415 765 467 incerta
786 453 801 477 ,
835 413 1147 482 fallaciaque
1185 414 1305 465 sunt
1343 412 1575 479 iudicum

144 490 344 560 ingenia
371 529 387 554 ,
426 489 588 559 quam
625 486 993 555 tempestatum
1031 502 1414 556 terrarumque.
1466 491 1580 541 Nec

141 581 219 616 me
262 565 504 633 praeterit
536 601 552 625 ,
594 561 858 613 summum
900 576 1173 613 oratorem
1209 561 1467 614 Periclem
1504 562 1581 614 sic

142 653 171 689 a
186 637 400 691 'comico
425 636 688 704 Eupolide
708 634 906 687 laudari
928 652 942 686 ε

368 753 499 823 πρὶς
535 745 585 805 δί
619 749 674 818 ’γ’
707 752 843 809 ἆυτέ
879 754 956 826 τᾷ
989 750 1183 822 τάχει,

283 828 467 886 Πειθῶ
505 856 583 889 τις
619 830 906 892 insuasum>
943 835 1078 888 τοῖσι
1112 826 1360 898 χείλεσιν.

289 906 479 971 Orfitus
511 907 682 974 ἔκη’λει
703 950 720 977 ,
751 905 846 966 καὶ
874 914 1018 978 μόνος
1056 909 1154 965 τὸν
1181 906 1389 986 ῥητόρων

289 995 364 1045 To
397 988 945 1068 zknrpovioyzun'mm
983 992 1086 1050 τοῖς
1116 992 1469 1063 ἀκροωμένοις.

139 1109 335 1163 'Vei-tim
363 1109 491 1161 huic
510 1109 617 1177 ipsi
637 1107 829 1160 Pericli
859 1124 957 1160 nec
992 1107 1080 1159 illa
1099 1102 1302 1170 rooba),
1335 1124 1434 1161 nec
1455 1108 1586 1161 illud

138 1188 299 1254 {2423
344 1188 612 1239 brevitate
646 1225 661 1251 ‚
706 1189 798 1239 vel
846 1186 1138 1238 velocitate
1172 1224 1186 1244 .
1223 1187 1316 1237 vel
1363 1186 1587 1254 utraque

139 1268 427 1337 (differunt
449 1264 639 1329 enim)
675 1265 790 1317 sine
820 1264 1071 1316 facultate
1102 1262 1306 1316 summa
1330 1267 1588 1337 contigis-

136 1344 225 1395 set.
269 1342 414 1393 Nam
445 1337 704 1393 deleaare
727 1377 742 1400 ,
776 1337 1085 1406 persuadere
1108 1376 1123 1399 ,
1143 1341 1357 1404 copiam
1380 1341 1593 1393 dicendi

136 1416 471 1484 spatiumque
508 1411 796 1464 defiderant
816 1430 828 1463 :
852 1413 1155 1478 relinquere
1184 1410 1321 1463 verb
1345 1416 1587 1467 aculeum

135 1489 191 1541 in
213 1486 548 1541 audientium
583 1485 778 1537 animis
809 1485 856 1535 is
877 1487 1090 1536 demum
1111 1484 1285 1551 potest
1305 1525 1319 1548 ,
1354 1488 1447 1558 qui
1471 1506 1589 1541 non

134 1563 323 1633 pungit
344 1601 360 1624 ,
399 1559 493 1612 sed
515 1557 708 1629 infigit.
750 1559 895 1611 Adde
926 1575 1044 1626 quae
1076 1559 1140 1609 de
1171 1560 1362 1612 eodem
1386 1561 1588 1615 Pericle

136 1637 374 1690 comicus
403 1635 540 1685 alter
560 1672 576 1695 ,

202 1739 501 1815 H'‘2·pan·r’,
527 1735 718 1810 ἰέρᾶνῖα
742 1778 756 1799 ,
785 1731 1039 1806 {urentium
1067 1731 1156 1801 τδν
1172 1733 1396 1798 Εδλάὸοι.

131 1849 256 1903 Non
292 1841 446 1901 enirn
477 1862 745 1915 amputata
765 1847 941 1899 oratio
969 1847 1022 1899 ὅ(
1040 1845 1249 1899 abscifl‘a
1269 1886 1284 1910 ,
1318 1847 1408 1901 sed
1437 1847 1541 1901 lata
1569 1888 1584 1912 ‚

136 1923 189 1975 δι
222 1921 511 1993 magnifica
532 1960 548 1984 ‚
575 1921 627 1972 ὅ(
665 1922 869 1972 excelsa
888 1936 1041 1972 tonat
1061 1960 1076 1984 ,
1113 1921 1340 1990 fulgurat
1361 1962 1376 1985 ,
1401 1923 1588 1975 omnia

134 1997 363 2066 denique
387 1996 660 2065 perturbat
678 2010 738 2046 ac
753 1994 956 2049 miscet.
995 1994 1253 2062 Optimus
1274 2010 1453 2047 tamen
1472 2013 1589 2047 mo-

133 2069 322 2123 dusest
342 2110 359 2134 ,
397 2070 520 2138 quis
556 2069 750 2137 negat?
784 2068 869 2120 sed
900 2085 1012 2120 non
1047 2067 1222 2120 mincis
1261 2084 1374 2121 non
1411 2069 1587 2122 servat

132 2147 355 2196 modum
374 2142 472 2213 qui
493 2142 627 2194 infra
652 2158 763 2195 rem
785 2181 800 2205 ,
835 2140 992 2210 quam
1024 2141 1115 2209 qui
1136 2141 1326 2210 supra·,
1364 2142 1456 2210 qui
1493 2145 1585 2195 ad-

131 2216 359 2271 striffiits
385 2256 402 2280 ‚
448 2214 609 2284 quam
641 2215 734 2283 qui
769 2214 989 2268 effusiits
1030 2215 1175 2267 dicit.
1215 2217 1397 2283 Itaque
1434 2217 1584 2269 audis

129 2290 440 2361 frequenter
464 2330 479 2353 ‚
517 2303 578 2341 ut
616 2288 747 2346 illud
783 2287 1071 2341 immodice
1110 2289 1162 2340 &
1192 2291 1540 2343 redundanter
1566 2331 1585 2356 ‚

130 2364 208 2417 ita
236 2367 345 2418 hoc
374 2361 557 2429 ieiune
590 2363 644 2414 &
674 2361 906 2415 infirme.
946 2361 1097 2414 Alius
1117 2362 1395 2415 excessisse
1415 2378 1585 2418 mate-

130 2439 267 2492 riam
289 2480 304 2503 ,
327 2440 470 2491 alius
501 2436 695 2488 dicitur
713 2453 825 2488 non
847 2434 1101 2504 impleffe.
1129 2435 1303 2505 AEque
1323 2453 1546 2507 uterque
1564 2456 1583 2499 3

127 2514 224 2567 sed
259 2515 351 2566 ille
384 2510 750 2563 imbecillitate
771 2549 785 2573 ‚
828 2507 916 2561 hic
947 2509 1151 2561 viribus
1180 2525 1379 2577 peccat.
1422 2513 1586 2578 Quod

129 2587 279 2641 cert'e
292 2586 406 2639 -etsi
429 2601 544 2636 non
564 2582 879 2646 limatioris,
923 2581 1140 2648 majoris
1178 2595 1356 2636 tamen
1380 2585 1583 2654 ingenii

126 2661 337 2713 vitium
376 2658 467 2711 est.
510 2658 624 2709 Nec
663 2655 797 2709 verb
827 2695 842 2717 ‚
883 2673 1047 2724 quum
1087 2655 1199 2708 haec
1236 2657 1357 2710 dico
1377 2698 1392 2722 ,
1433 2660 1585 2713 illum

128 2735 491 2787 Homericum
509 2734 810 2804 «ἐμπρεπῆ
830 2731 1001 2796 probo
1029 2769 1041 2792 ,
1077 2729 1162 2782 sed
1184 2729 1325 2784 hunc
1348 2771 1364 2795 ‚

254 2827 365 2890 Ka}
385 2831 432 2887 τ’
453 2831 584 2889 ’ἔπεσι
613 2824 905 2903 νιφάδεσσιν
926 2829 1128 2888 {amira
1152 2824 1488 2907 χειμερίῃσιν.

125 2933 269 2983 Non
288 2930 411 2999 quia
439 2946 556 2983 non
575 2930 630 2982 &
662 2929 754 2982 ille
785 2926 918 2981 mihi
933 2913 1492 3052 validissimieBplaceat
1511 2966 1528 2988 ‚

1327 3017 1362 3065 ¹1
