1951 3720
361 379 494 431 102
688 354 954 430 CAII,
1030 354 1453 425 Ριιινιι

348 475 572 544 epistola
623 476 904 546 praloqui.
968 475 1206 546 Oportet
1256 476 1404 532 enim
1441 491 1543 533 nos
1593 469 1655 532 ἱιι
1694 480 1799 535 hee

349 549 531 614 certe,
566 550 625 602 in
672 568 775 620 qua
810 549 1120 618 poffumus,
1163 553 1352 605 breves
1391 552 1535 617 effe,
1574 552 1684 623 quo
1722 555 1795 607 sit

350 624 679 688 excusatius,
711 621 855 694 quod
873 625 1069 678 librum
1086 626 1293 693 ipsum,
1322 641 1440 679 ιιοιι
1457 643 1637 679 tamen
1657 631 1799 681 ultra

350 697 515 750 causae
546 697 991 766 amplitudinem,
1024 699 1381 754 extendimus.
1415 702 1571 754 Vale.

508 818 620 874 VI.
661 818 995 873 Ριιιτιυε
1034 821 1345 873 ΝΛεοΝι
1390 833 1537 873 suo
1577 820 1636 876 S.

426 939 612 993 Villam
649 941 989 992 Laurentinum
1033 941 1425 1009 propeefl'studia
1457 940 1590 991 villis
1618 937 1726 1009 suis

862 1038 1030 1089 ceteris
1066 1037 1281 1106 praeftrt.

351 1125 442 1218 T
467 1170 509 1213 U
528 1176 554 1214 s
575 1174 610 1213 c
628 1174 651 1213 1
690 1159 943 1232 grandine
980 1160 1192 1213 excussi
1216 1199 1230 1224 ‚
1257 1159 1316 1213 in
1350 1160 1569 1231 regione
1597 1160 1801 1214 Trans·

346 1236 550 1303 padam
585 1236 790 1287 summa
819 1235 1135 1287 abundantia
1161 1274 1175 1297 ‚
1213 1235 1303 1287 sed
1330 1252 1424 1302 par
1454 1235 1640 1288 vilitas
1666 1251 1807 1287 nun·

349 1307 544 1361 tiatur:
573 1310 744 1362 solum
765 1309 903 1362 mihi
920 1308 1299 1360 Laurentinum
1320 1325 1497 1361 meum
1517 1308 1574 1361 in
1598 1309 1803 1364 reditu.

348 1381 501 1434 Nihil
533 1382 748 1451 quidem
769 1383 841 1435 ibi
864 1383 1118 1450 possideo
1140 1396 1332 1450 praeter
1357 1380 1555 1434 tectum
1591 1384 1646 1434 δι
1668 1384 1800 1434 hor·

346 1465 463 1507 tum
491 1495 504 1519 ‚
541 1455 818 1524 statimque
860 1472 1042 1508 arenas
1075 1476 1089 1509 ε
1129 1457 1301 1508 solum
1338 1469 1516 1509 tamen
1553 1455 1692 1508 mihi
1742 1455 1802 1508 in

345 1529 539 1583 reditu.
592 1531 673 1582 Ibi
709 1530 856 1582 enim
896 1528 1187 1598 plurimum
1224 1528 1434 1583 scribo:
1467 1546 1565 1582 nec
1613 1543 1801 1600 agrum

348 1602 384 1676 (
393 1621 552 1672 quem
575 1621 687 1656 non
704 1605 872 1657 habeo
892 1605 917 1672 )
947 1606 1037 1657 sed
1056 1604 1229 1671 ipsum
1248 1620 1335 1654 me
1358 1602 1539 1655 studiis
1558 1605 1802 1663 excolo,
1780 1619 1800 1634 ·

347 1693 409 1728 ac
458 1677 564 1744 jarn
605 1677 812 1746 poffum
849 1678 983 1741 tibi,
1022 1693 1080 1729 ut
1117 1677 1235 1729 aliis
1272 1676 1331 1729 in
1370 1676 1507 1730 locis
1542 1677 1813 1731 horreum

347 1749 604 1823 plenum,
644 1752 723 1804 sic
770 1751 846 1804 ibi
884 1751 1135 1804 scrinium
1176 1747 1466 1805 ostendere.
1523 1749 1697 1820 Igitur
1738 1764 1808 1804 tu

348 1841 600 1895 quoque,
625 1825 672 1878 si
692 1841 832 1881 certa
853 1826 916 1880 δι
929 1824 1200 1883 frustuosa
1218 1825 1413 1893 pradia
1429 1822 1813 1895 concupiscis,

347 1899 589 1973 aliquid
575 1918 633 1951 m
654 1901 759 1953 hoc
783 1900 968 1953 littore
989 1917 1133 1969 para.
1180 1901 1339 1953 Vale.

497 2019 1027 2074 V11.P1.11011us
1060 1988 1360 2073 Lunuo
1403 2031 1549 2073 suo
1593 2021 1653 2076 S.

423 2140 613 2195 Narrat
633 2136 842 2212 Insanias
867 2140 1045 2210 Reguli
1077 2141 1127 2191 in
1163 2141 1405 2219 Ιαιιάιιηᾰο
1430 2141 1475 2194 6·
1506 2144 1741 2196 ornando

772 2239 913 2309 filio.
965 2237 1093 2291 Vide
1122 2235 1214 2306 sup
1222 2239 1275 2288 ιὰ
1307 2253 1359 2291 2.

351 2351 414 2445 S
427 2396 488 2440 Α.
504 2401 536 2438 P
552 2400 587 2438 Ε
617 2383 715 2438 tibi
749 2384 871 2438 dico
896 2340 1059 2438 ineffe
1079 2384 1199 2441 vim
1227 2386 1456 2456 Regulo,
1491 2386 1704 2441 Mirum
1726 2389 1809 2443 est

349 2477 509 2528 quam
532 2459 760 2524 efficiat,
769 2459 844 2513 in
865 2462 1011 2529 quod
1033 2459 1290 2513 incubuit.
1314 2460 1522 2513 Placuit
1539 2462 1595 2513 ei
1617 2465 1807 2534 lugere

349 2534 565 2586 filium:
603 2535 749 2603 luget
778 2550 839 2585 ut
874 2550 1055 2586 nemo.
1116 2533 1319 2586 Placuit
1353 2534 1543 2588 statuas
1584 2535 1710 2602 ejus
1754 2539 1807 2590 δι

347 2606 612 2676 imagines
656 2624 816 2675 quam
857 2606 1111 2675 plurimas
1157 2607 1374 2661 facere.
1412 2609 1517 2661 hoc
1547 2610 1806 2664 omnibus

350 2680 584 2733 officinis
615 2682 744 2749 agit.
780 2681 936 2732 Illum
959 2679 1264 2744 coloribus,
1290 2680 1442 2736 illum
1463 2682 1615 2748 cera,
1647 2683 1809 2737 illum

350 2771 493 2818 aere,
536 2754 696 2805 illum
730 2769 995 2823 argento,
1021 2753 1174 2806 illum
1209 2771 1381 2820 aure,
1420 2756 1620 2820 ebore,
1659 2774 1809 2810 mar⁴

351 2832 505 2880 more
536 2827 915 2897 effingit.1pse
948 2825 1085 2880 vero
1117 2828 1170 2879 δε
1193 2844 1397 2912 nuper,
1438 2829 1681 2882 adhibito
1718 2831 1809 2883 in

353 2901 502 2970 genti
532 2901 840 2966 auditoriO,
877 2901 1071 2953 librum
1102 2902 1167 2953 de
1197 2901 1313 2954 vita
1348 2900 1462 2966 ejus
1503 2902 1808 2969 recitavit,

295 2988 299 2991 ·
355 2974 419 3028 de
460 2974 577 3031 vita
610 2975 774 3075 pueri
799 2974 1087 3031 recitavit:
1094 2988 1300 3031 tamen
1331 2976 1578 3032 eumdem
1606 2976 1810 3033 librum
