1951 3720
371 301 508 370 218
700 299 974 366 ΟΛιι
1049 297 1469 365 PLINJI

392 420 595 472 XXIII.
635 418 805 472 me.
846 420 1103 471 Pana-ro
1144 418 1525 470 Paosocmto
1569 427 1697 466 suo
1737 414 1809 466 S.

365 545 528 611 Rogat
561 556 612 591 ut
645 541 771 590 domi
798 536 1126 607 proconsulem
1162 536 1384 589 Tironem
1418 532 1693 604 exspeflet,
1734 550 1808 584 nec

441 635 486 666 e.
515 630 683 664 contra
711 619 942 664 ran'onem
980 612 1132 664 aetatis
1167 611 1353 662 obviam
1388 612 1645 679 procedat.
1692 605 1746 660 V
1743 610 1808 657 ide

433 688 582 757 supni
613 687 697 738 16.

378 799 703 891 GAUDEO
738 829 952 900 quidem
987 829 1090 883 effe
1118 845 1171 882 te
1203 845 1311 882 tam
1341 830 1579 893 fortem,
1611 843 1672 880 ut
1697 828 1809 881 Me-

369 906 571 958 diolani
598 921 874 958 occurrere
911 904 1105 957 Tironi
1144 904 1357 973 possis:
1390 905 1514 986 sed
1557 917 1619 954 ut
1642 903 1811 971 perse-

372 996 528 1031 veres
548 978 649 1031 effe
674 995 781 1030 tam
805 977 998 1043 ἔοι-τὶς,
1025 994 1198 1047 roge,
1232 995 1298 1029 ne
1320 978 1416 1030 tibi
1437 990 1626 1029 contra
1656 976 1811 1027 ratio·

374 1069 498 1104 nem
530 1052 698 1104 aetatis
723 1066 928 1103 tantum
962 1051 1158 1103 laboris
1193 1051 1457 1122 injungas,
1494 1048 1814 1116 Quinimmo

375 1126 637 1178 denuntio
680 1140 739 1176 ut
776 1125 929 1176 illum
975 1126 1028 1175 δί
1068 1124 1251 1187 domi,
1291 1126 1343 1175 &
1380 1124 1521 1174 intra
1563 1125 1815 1184 domum,

375 1214 535 1267 atque
560 1198 722 1251 etiam
745 1199 881 1249 intra
912 1198 1146 1249 cubiculi
1170 1197 1337 1249 limen
1366 1195 1662 1265 exspestes.
1702 1196 1814 1246 Ete-

378 1273 495 1324 nim
526 1289 690 1340 quum
727 1288 756 1322 a
793 1288 880 1322 me
915 1284 977 1322 ut
1012 1272 1171 1323 frater
1207 1270 1497 1340 diligatur,
1536 1286 1652 1322 non
1674 1269 1815 1320 debet

376 1348 438 1398 ab
461 1363 559 1408 eo,
582 1362 740 1414 quem
764 1361 867 1413 ego
890 1344 1125 1412 parentis
1161 1346 1286 1397 loco
1311 1343 1584 1405 observo,
1607 1342 1814 1412 exigere

383 1419 620 1471 officium
641 1456 656 1480 ‚
679 1419 822 1486 quod
852 1418 1061 1486 parenti
1100 1418 1195 1469 suo
1220 1415 1516 1469 remisifl‘et.
1558 1417 1721 1469 Vale.

443 1537 688 1591 XXIV.
730 1537 1061 1604 Pmnlus
1103 1537 1472 1590 Cannu-o
1518 1550 1667 1590 suo
1709 1538 1761 1590 S.

384 1660 629 1714 Ummidia
657 1675 848 1710 mortem
870 1658 1062 1710 nuntiat
1081 1693 1099 1715 ‚
1133 1660 1430 1728 heredemque
1448 1677 1509 1709 ex
1536 1658 1657 1727 beffe
1681 1676 1818 1728 nepo·

531 1774 623 1809 tem
643 1755 730 1825 effe
751 1791 766 1817 ,
804 1756 931 1825 cujus
961 1774 1114 1807 mores
1147 1757 1194 1807 ἃ
1232 1757 1464 1827 ingenium
1495 1758 1684 1811 laudat.
1706 1773 1735 1788 ··

388 1848 479 1940 U
497 1895 551 1933 M
568 1896 621 1933 M
639 1895 662 1932 1
679 1895 721 1932 D
739 1896 763 1933 1
780 1894 820 1932 A
860 1880 1189 1946 Quadratilla
1224 1880 1386 1949 paulo
1416 1880 1596 1934 minsis
1620 1880 1819 1951 oetoge·

387 1957 529 2008 simo
552 1954 721 2007 aetatis
742 1970 882 2007 anno
902 1953 1161 2019 decessit,
1202 1955 1369 2024 usque
1389 1958 1454 2007 ad
1472 1954 1818 2008 novissimam

383 2028 747 2081 valetudinem
783 2026 1013 2090 viridis,
1044 2043 1203 2096 atque
1246 2029 1409 2081 etiam
1444 2031 1584 2081 ultra
1630 2044 1818 2080 matro-

389 2105 566 2155 nalem
616 2103 835 2154 modum
872 2100 1154 2169 compatito
1211 2118 1438 2170 corpore
1490 2103 1543 2154 &
1600 2101 1817 2155 robusto.

391 2175 642 2228 Decessit
657 2170 1035 2227 'honestissimo
1055 2172 1385 2228 testamento,
1418 2174 1664 2243 Reliquit
1680 2176 1817 2227 here·

393 2252 522 2312 des,
557 2266 629 2302 ex
663 2247 799 2301 beffe
821 2263 1112 2317 nepotem,
1139 2265 1210 2300 ex
1244 2249 1400 2301 tertia
1421 2263 1571 2318 parte
1597 2264 1817 2317 neptem.

390 2323 622 2390 Neptem
665 2338 852 2391 parum
894 2322 1031 2374 novi
1069 2341 1082 2375 :
1130 2337 1383 2391 nepotem
1416 2320 1816 2374 familiarissime

392 2396 560 2464 diligo
583 2434 597 2458 ‚
629 2396 1018 2448 adolescentem
1062 2395 1418 2465 singularem,
1462 2412 1561 2448 nec
1601 2395 1671 2448 iis
1719 2411 1816 2447 tan·

395 2470 541 2532 nim,
563 2485 700 2536 quos
733 2469 986 2539 sanguine
1025 2469 1242 2539 attingit
1268 2509 1282 2531 ,
1316 2468 1455 2522 inter
1495 2469 1815 2538 propinquos

396 2543 694 2595 amandum.
732 2543 810 2593 Ac
842 2542 1076 2611 primiim
1099 2542 1414 2611 conspicuus
1448 2543 1624 2594 forma
1649 2557 1816 2595 omnes

395 2618 666 2668 sermones
690 2615 1046 2684 malignmum
1078 2617 1131 2668 &
1146 2633 1282 2683 puer
1307 2617 1358 2667 δε
1382 2616 1598 2680 juvenis
1622 2615 1814 2668 evasit:

394 2690 535 2741 intra
556 2703 798 2757 quartum
825 2689 877 2740 &
905 2689 1226 2741 vicesimum
1256 2706 1452 2741 annum
1473 2689 1725 2752 maritus,
1750 2689 1815 2749 &‚

393 2764 441 2816 si
472 2765 599 2815 deus
629 2761 885 2814 annuiss‘et
916 2802 932 2824 ‚
969 2777 1136 2830 pater.
1188 2762 1348 2814 Vixit
1378 2762 1435 2814 in
1483 2760 1817 2815 contubernio

397 2837 532 2889 aviae
555 2835 791 2889 delicatae
823 2834 1162 2888 severissime
1186 2874 1201 2898 ‚
1235 2837 1288 2888 &
1324 2852 1503 2888 tamen
1540 2836 1817 2904 obsequen·

393 2909 623 2965 tissime.
665 2909 899 2964 Habebat
937 2909 1028 2962 illa
1068 2908 1436 2979 pantomimos
1461 2949 1477 2976 ,
1516 2909 1819 2977 fovebatque
