1951 3720
345 278 485 340 202
701 257 959 333 CAH
1024 261 1445 338 PLINII,

338 388 429 443 cui
460 403 598 457 opus
623 384 751 439 esset
780 404 848 439 ne
878 403 999 439 reus
1028 386 1319 439 videretur.
1362 386 1546 452 Quum
1578 379 1785 452 tamen‚'

339 461 496 515 finita
530 461 889 531 postulatione
918 460 1138 531 Nigrini
1159 500 1173 524 ‚
1199 461 1442 513 consules
1466 461 1530 513 ad
1556 477 1642 512 me
1662 478 1785 513 ocu-

337 539 425 590 los
465 535 793 589 retuliffent:
828 537 1002 587 Scietis
1034 572 1053 594 ‚
1093 536 1312 604 inquam
1343 574 1357 599 ,
1398 536 1611 597 constare
1659 536 1787 587 nohis

340 612 525 663 silentii
552 612 697 675 nostri
720 613 951 662 rationem
970 645 987 670 ,
1021 629 1155 678 quum
1180 629 1316 661 veros
1336 610 1518 678 legatos
1535 610 1786 677 provincia

341 687 606 738 audieritis.
652 685 852 738 Contra
875 684 1170 754 Nigrinus:
1202 687 1284 735 Aa
1321 704 1452 752 quem
1480 685 1610 736 missi
1625 682 1737 751 sunt
1759 684 1787 734 ,⁹

341 760 457 829 Ego
481 779 495 812 :
521 761 605 810 Ad
625 778 695 808 me
727 778 905 827 quoque
926 759 1074 810 habeo
1099 761 1331 808 decretum
1349 759 1625 826 provinciae.
1663 758 1787 809 Rur-

340 833 429 887 sus
471 833 595 885 ille:
630 833 795 897 Potest
826 834 915 884 tibi
954 834 1151 900 liquere.
1191 832 1274 883 Ad
1303 833 1409 884 hoc
1434 849 1572 901 ego:
1611 832 1670 881 Si
1700 832 1783 882 tibi

344 926 407 958 cx
436 904 619 976 diverso
652 909 801 975 liquet
822 941 836 965 ‚
865 908 1023 976 potest
1055 909 1101 958 6·
1139 908 1250 957 mihi
1277 941 1292 965 ,
1332 909 1460 974 quod
1486 908 1552 969 est
1585 906 1747 956 melius
1774 938 1790 966 ,

341 982 542 1049 liquere.
598 982 739 1033 Tum
790 984 993 1051 legatus
1035 981 1325 1051 Polyaenus
1363 981 1539 1033 causas
1578 978 1787 1034 abolita

340 1054 694 1108 accusationis
736 1056 990 1124 exposuit
1012 1095 1025 1114 ,
1069 1054 1464 1124 postulavitque
1506 1072 1574 1109 ne
1612 1054 1792 1123 cogni-

340 1128 484 1181 tioni
515 1129 733 1182 Caesaris
758 1129 1124 1198 praeiudicium
1149 1128 1320 1182 fieret.
1362 1127 1657 1197 Respondit
1678 1128 1792 1180 Ma·

341 1221 518 1273 gnus;
563 1204 863 1273 iterumque
897 1206 1220 1274 Polyaenus:
1260 1204 1373 1272 ipse
1414 1200 1536 1255 rato
1586 1203 1640 1255 &
1673 1202 1791 1254 bre-

340 1277 488 1330 viter
528 1278 878 1331 interlocutus
900 1318 914 1342 ,
954 1280 1184 1331 multum
1219 1294 1305 1329 me
1344 1278 1482 1330 intra
1519 1274 1790 1352 silentium

345 1352 515 1406 tenui.
554 1351 752 1421 Accepi
782 1356 959 1417 enim,
999 1370 1112 1405 non
1149 1350 1322 1404 minus
1367 1351 1634 1404 interdum
1669 1367 1791 1402 ora·

343 1426 548 1477 torium
585 1424 688 1478 effe
721 1441 894 1479 tacere
931 1465 946 1491 ‚
995 1426 1154 1495 quam
1200 1426 1374 1478 dicere
1413 1444 1426 1477 τ
1464 1440 1623 1493 atque
1657 1425 1789 1476 adeo
1872 1473 1880 1484 ,

341 1515 533 1568 repeto
565 1538 581 1563 ,
625 1499 932 1569 quibusdam
979 1517 1065 1552 me
1105 1498 1294 1569 capitis
1349 1498 1452 1551 reis
1495 1500 1587 1551 vel
1625 1497 1790 1567 magis

342 1572 595 1636 silentio,
638 1571 795 1641 quam
832 1573 1078 1626 oratione
1103 1571 1496 1626 accuratissima
1519 1570 1790 1641 profuifl‘e.

344 1647 534 1699 Mater
556 1646 743 1699 amiffo
773 1646 889 1699 filio
912 1650 935 1717 (
956 1647 1085 1716 quid
1113 1647 1258 1699 enim
1289 1646 1537 1714 prohibet
1555 1685 1572 1709 ‚
1607 1663 1792 1715 quam·

344 1738 507 1790 quam
551 1720 653 1772 alia
695 1720 835 1773 ratio
885 1722 1166 1773 scribendae
1206 1720 1443 1790 epistolae
1483 1719 1644 1772 fuerit
1671 1759 1687 1782 ,
1732 1722 1792 1773 de

342 1794 527 1847 studiis
582 1794 890 1865 disputare?
929 1798 951 1864 )
1003 1794 1226 1848 libertos
1268 1793 1381 1859 ejus
1409 1834 1423 1858 ‚
1470 1794 1791 1864 eosdemque

344 1870 633 1922 coheredes
665 1870 821 1933 suos,
858 1869 977 1922 falsi
1002 1909 1018 1934 ,
1053 1870 1106 1922 &
1134 1868 1389 1922 veneficii
1427 1885 1549 1921 reos
1589 1871 1791 1922 detule-

343 1959 426 1996 rat
454 1944 518 1995 ad
554 1942 856 2011 Principem
877 1984 892 2007 ,
926 1943 1259 2012 judicemque
1280 1943 1662 2011 impetraverat
1698 1944 1793 1998 Ju-

337 2017 479 2070 1ium
520 2016 855 2070 Servianum.
892 2017 1250 2069 Defenderam
1286 2034 1408 2069 reos
1434 2017 1643 2086 ingenti
1676 2019 1793 2086 qui-

341 2094 466 2144 dem
496 2105 661 2144 coetu.
696 2092 818 2143 Erat
848 2091 996 2144 enim
1016 2091 1169 2144 causa
1199 2090 1482 2143 notissima
1503 2130 1518 2154 ,
1538 2107 1794 2159 praeterea

335 2165 613 2234 ‘utrimque
648 2164 862 2234 ingenia
905 2164 1215 2218 clarissima.
1259 2164 1445 2216 Finem
1488 2165 1793 2235 cognitioni

341 2239 582 2308 quaestio³
617 2238 878 2308 imposuit
911 2281 925 2303 ,
979 2256 1096 2308 quae
1142 2239 1423 2292 secundum
1460 2255 1586 2291 reos
1629 2240 1790 2294 dedit.

338 2313 528 2367 Postea
562 2327 732 2366 mater
765 2313 895 2366 adiit
912 2313 1251 2382 Principemt
1290 2313 1576 2365 affirmavit
1611 2314 1669 2366 se
1707 2331 1792 2366 no·

342 2405 441 2441 vas
474 2387 817 2457 probationes
847 2387 1125 2442 inveniffe.
1168 2388 1497 2455 Praeceptum
1527 2386 1607 2439 est
1625 2390 1790 2441 Subu-

341 2480 507 2526 rano4
543 2478 604 2515 ut
638 2476 851 2516 vacaret
886 2461 1098 2515 finitam
1118 2463 1322 2515 causam
1359 2461 1673 2515 retractanti
1696 2502 1712 2527 ,
1750 2461 1793 2515 si

338 2537 473 2606 ‘quid
510 2536 645 2590 novi
688 2534 916 2591 afferret.
952 2538 1146 2590 Aderat
1179 2536 1337 2589 matri
1373 2535 1550 2589 Julius
1590 2537 1792 2589 Africa·

339 2627 439 2664 nus
465 2651 481 2675 ‚
514 2628 685 2679 nepos
721 2611 852 2664 Julii
888 2611 1159 2680 oratoris(
1182 2629 1291 2680 quo
1321 2608 1504 2662 audito
1526 2650 1542 2673 ,
1587 2610 1790 2664 Passie-

338 2696 443 2737 'nus
487 2684 705 2753 Crispus
747 2685 883 2738 dixit
913 2727 928 2750 ,
969 2686 1105 2738 Bene
1139 2721 1155 2746 ,
1189 2686 1446 2737 mehercule
1467 2718 1482 2743 ,
1515 2684 1638 2737 bene
1662 2703 1682 2736 .·
1713 2684 1795 2752 sed

339 2758 433 2829 ‘quo
456 2776 553 2810 tam
575 2760 689 2819 bene
703 2761 729 2810 Ρ
754 2760 774 2827 )
797 2759 968 2826 Hujus
995 2777 1164 2829 nepos
1180 2799 1194 2823 ‚
1216 2759 1428 2824 juvenis
1443 2758 1759 2828 ingeniosus
1775 2797 1790 2822 ,

340 2834 431 2886 sed
467 2851 653 2903 parum
683 2833 901 2887 callidus
925 2875 940 2900 ‚
972 2853 1134 2904 quum
1170 2837 1337 2887 multa
1370 2833 1619 2896 dixisset,
1659 2833 1788 2885 assi-

341 2924 665 2980 gnatumque
718 2922 930 2979 tempus
983 2906 1248 2980 impleffet
1272 2949 1288 2974 ,
1339 2910 1479 2980 Rogo
1504 2944 1521 2970 ,
1565 2908 1745 2978 inquit
1773 2943 1789 2970 ,
