<?xml version="1.0" encoding="UTF-8"?>
<!DOCTYPE html PUBLIC "-//W3C//DTD XHTML 1.0 Transitional//EN"
    "http://www.w3.org/TR/xhtml1/DTD/xhtml1-transitional.dtd">
<html xmlns="http://www.w3.org/1999/xhtml" xml:lang="en" lang="en">
 <head>
  <title>
</title>
<meta http-equiv="Content-Type" content="text/html;charset=utf-8" />
  <meta name='ocr-system' content='tesseract 3.04.00' />
  <meta name='ocr-capabilities' content='ocr_page ocr_carea ocr_par ocr_line ocrx_word'/>
</head>
<body>
  <div class='ocr_page' id='page_1' title='image "./panegyricus00lallgoog_0104.png"; bbox 0 0 1951 3720; ppageno 0'>
   <div class='ocr_carea' id='block_1_1' title="bbox 352 268 1428 342">
    <p class='ocr_par' dir='ltr' id='par_1_1' title="bbox 352 268 1428 342">
     <span class='ocr_line' id='line_1_1' title="bbox 352 268 1428 342; baseline -0.005 0"><span class='ocrx_word' id='word_1_1' title='bbox 352 273 443 342; x_wconf 78' lang='lat'>82·</span> <span class='ocrx_word' id='word_1_2' title='bbox 658 270 923 336; x_wconf 79' lang='lat' dir='ltr'><em>CAII</em></span> <span class='ocrx_word' id='word_1_3' title='bbox 1000 268 1428 338; x_wconf 69' lang='lat' dir='ltr'>Pztzvtt</span> 
     </span>
    </p>
   </div>
   <div class='ocr_carea' id='block_1_2' title="bbox 319 387 1820 2147">
    <p class='ocr_par' dir='ltr' id='par_1_2' title="bbox 319 387 1820 2147">
     <span class='ocr_line' id='line_1_2' title="bbox 343 387 1803 443; baseline -0.001 0"><span class='ocrx_word' id='word_1_4' title='bbox 343 389 606 443; x_wconf 66' lang='lat' dir='ltr'>sator-ibus</span> <span class='ocrx_word' id='word_1_5' title='bbox 629 387 885 443; x_wconf 84' lang='lat' dir='ltr'>adfuiffet.</span> <span class='ocrx_word' id='word_1_6' title='bbox 913 390 1210 442; x_wconf 81' lang='lat' dir='ltr'><strong>Damnatus</strong></span> <span class='ocrx_word' id='word_1_7' title='bbox 1243 389 1298 441; x_wconf 68' lang='grc' dir='ltr'>ἃ</span> <span class='ocrx_word' id='word_1_8' title='bbox 1329 387 1389 439; x_wconf 86' lang='lat' dir='ltr'>in</span> <span class='ocrx_word' id='word_1_9' title='bbox 1407 388 1633 440; x_wconf 78' lang='lat' dir='ltr'>insulam</span> <span class='ocrx_word' id='word_1_10' title='bbox 1656 390 1803 441; x_wconf 82' lang='lat' dir='ltr'>rele-</span> 
     </span>
     <span class='ocr_line' id='line_1_3' title="bbox 339 462 1799 535; baseline 0 -19"><span class='ocrx_word' id='word_1_11' title='bbox 339 478 492 535; x_wconf 76' lang='lat' dir='ltr'>gatus</span> <span class='ocrx_word' id='word_1_12' title='bbox 530 462 621 517; x_wconf 89' lang='lat' dir='ltr'>est.</span> <span class='ocrx_word' id='word_1_13' title='bbox 663 465 847 532; x_wconf 86' lang='lat' dir='ltr'>Itaque</span> <span class='ocrx_word' id='word_1_14' title='bbox 872 480 1038 531; x_wconf 83' lang='lat' dir='ltr'>quum</span> <span class='ocrx_word' id='word_1_15' title='bbox 1064 462 1267 517; x_wconf 82' lang='lat' dir='ltr'>Castam</span> <span class='ocrx_word' id='word_1_16' title='bbox 1286 463 1619 527; x_wconf 81' lang='lat' dir='ltr'>accusarem,</span> <span class='ocrx_word' id='word_1_17' title='bbox 1652 462 1799 516; x_wconf 83' lang='lat' dir='ltr'>nibil</span> 
     </span>
     <span class='ocr_line' id='line_1_4' title="bbox 335 534 1809 608; baseline 0 -19"><span class='ocrx_word' id='word_1_18' title='bbox 335 537 508 608; x_wconf 82' lang='lat' dir='ltr'>magis</span> <span class='ocrx_word' id='word_1_19' title='bbox 533 537 743 606; x_wconf 86' lang='lat' dir='ltr'>pressi,</span> <span class='ocrx_word' id='word_1_20' title='bbox 778 554 937 606; x_wconf 86' lang='lat' dir='ltr'>quam</span> <span class='ocrx_word' id='word_1_21' title='bbox 967 534 1117 607; x_wconf 75' lang='lat' dir='ltr'>quod</span> <span class='ocrx_word' id='word_1_22' title='bbox 1148 536 1421 589; x_wconf 83' lang='lat' dir='ltr'>accusator</span> <span class='ocrx_word' id='word_1_23' title='bbox 1443 535 1565 603; x_wconf 76' lang='lat' dir='ltr'>ejus</span> <span class='ocrx_word' id='word_1_24' title='bbox 1591 552 1809 605; x_wconf 74' lang='lat' dir='ltr'>praeva-</span> 
     </span>
     <span class='ocr_line' id='line_1_5' title="bbox 333 609 1804 664; baseline 0 -1"><span class='ocrx_word' id='word_1_25' title='bbox 333 610 616 664; x_wconf 81' lang='lat' dir='ltr'>ricationis</span> <span class='ocrx_word' id='word_1_26' title='bbox 653 610 875 663; x_wconf 86' lang='lat' dir='ltr'>crimine</span> <span class='ocrx_word' id='word_1_27' title='bbox 903 609 1203 664; x_wconf 78' lang='lat' dir='ltr'>corruifl‘et.</span> <span class='ocrx_word' id='word_1_28' title='bbox 1247 609 1427 663; x_wconf 84' lang='lat' dir='ltr'>Pressi</span> <span class='ocrx_word' id='word_1_29' title='bbox 1464 624 1647 662; x_wconf 86' lang='lat' dir='ltr'>tamen</span> <span class='ocrx_word' id='word_1_30' title='bbox 1677 610 1804 663; x_wconf 81' lang='lat' dir='ltr'>fru-</span> 
     </span>
     <span class='ocr_line' id='line_1_6' title="bbox 335 682 1809 748; baseline -0.001 -11"><span class='ocrx_word' id='word_1_31' title='bbox 335 683 455 738; x_wconf 79' lang='lat' dir='ltr'>stra.</span> <span class='ocrx_word' id='word_1_32' title='bbox 515 684 722 737; x_wconf 86' lang='lat' dir='ltr'>Accidit</span> <span class='ocrx_word' id='word_1_33' title='bbox 764 684 912 737; x_wconf 87' lang='lat' dir='ltr'>enim</span> <span class='ocrx_word' id='word_1_34' title='bbox 951 691 1037 737; x_wconf 83' lang='lat' dir='ltr'>res</span> <span class='ocrx_word' id='word_1_35' title='bbox 1069 682 1335 738; x_wconf 83' lang='lat' dir='ltr'>contraria</span> <span class='ocrx_word' id='word_1_36' title='bbox 1382 684 1436 736; x_wconf 86' lang='lat'>&amp;</span> <span class='ocrx_word' id='word_1_37' title='bbox 1464 700 1648 748; x_wconf 81' lang='lat' dir='ltr'>nova,</span> <span class='ocrx_word' id='word_1_38' title='bbox 1690 698 1809 747; x_wconf 88' lang='lat' dir='ltr'>ut</span> 
     </span>
     <span class='ocr_line' id='line_1_7' title="bbox 336 756 1808 825; baseline -0.001 -14"><span class='ocrx_word' id='word_1_39' title='bbox 336 759 640 812; x_wconf 83' lang='lat' dir='ltr'>accusatore</span> <span class='ocrx_word' id='word_1_40' title='bbox 678 758 1135 825; x_wconf 81' lang='lat' dir='ltr'>praevaricationis</span> <span class='ocrx_word' id='word_1_41' title='bbox 1159 759 1407 810; x_wconf 88' lang='lat' dir='ltr'>damnato</span> <span class='ocrx_word' id='word_1_42' title='bbox 1429 795 1445 820; x_wconf 89' lang='lat'><strong>‚</strong></span> <span class='ocrx_word' id='word_1_43' title='bbox 1484 774 1574 810; x_wconf 88' lang='lat' dir='ltr'>rea</span> <span class='ocrx_word' id='word_1_44' title='bbox 1616 756 1808 809; x_wconf 84' lang='lat' dir='ltr'>absol-</span> 
     </span>
     <span class='ocr_line' id='line_1_8' title="bbox 319 831 1807 901; baseline -0.002 -15"><span class='ocrx_word' id='word_1_45' title='bbox 319 846 573 886; x_wconf 64' lang='lat' dir='ltr'>veretur.</span> <span class='ocrx_word' id='word_1_46' title='bbox 632 831 842 897; x_wconf 73' lang='lat' dir='ltr'>Quaeris</span> <span class='ocrx_word' id='word_1_47' title='bbox 878 832 1009 901; x_wconf 80' lang='lat' dir='ltr'>quid</span> <span class='ocrx_word' id='word_1_48' title='bbox 1042 848 1177 896; x_wconf 86' lang='lat' dir='ltr'>nos,</span> <span class='ocrx_word' id='word_1_49' title='bbox 1209 833 1336 883; x_wconf 85' lang='lat' dir='ltr'>dum</span> <span class='ocrx_word' id='word_1_50' title='bbox 1364 832 1478 883; x_wconf 82' lang='lat' dir='ltr'>haec</span> <span class='ocrx_word' id='word_1_51' title='bbox 1518 845 1754 900; x_wconf 84' lang='lat' dir='ltr'>aguntur</span> <span class='ocrx_word' id='word_1_52' title='bbox 1779 832 1807 883; x_wconf 63' lang='lat'><em>³</em></span> 
     </span>
     <span class='ocr_line' id='line_1_9' title="bbox 340 902 1806 958; baseline 0 -1"><span class='ocrx_word' id='word_1_53' title='bbox 340 902 707 957; x_wconf 82' lang='lat' dir='ltr'>Indicavimus</span> <span class='ocrx_word' id='word_1_54' title='bbox 746 904 951 957; x_wconf 84' lang='lat' dir='ltr'>senatui</span> <span class='ocrx_word' id='word_1_55' title='bbox 991 922 1063 958; x_wconf 82' lang='lat' dir='ltr'>ex</span> <span class='ocrx_word' id='word_1_56' title='bbox 1105 906 1363 958; x_wconf 83' lang='lat' dir='ltr'>Norbano</span> <span class='ocrx_word' id='word_1_57' title='bbox 1403 903 1642 958; x_wconf 70' lang='lat' dir='ltr'>didicisse</span> <span class='ocrx_word' id='word_1_58' title='bbox 1692 919 1806 957; x_wconf 80' lang='lat' dir='ltr'>nos</span> 
     </span>
     <span class='ocr_line' id='line_1_10' title="bbox 340 976 1816 1048; baseline -0.001 -19"><span class='ocrx_word' id='word_1_59' title='bbox 340 978 612 1048; x_wconf 85' lang='lat' dir='ltr'>publicam</span> <span class='ocrx_word' id='word_1_60' title='bbox 652 980 860 1031; x_wconf 87' lang='lat' dir='ltr'>causam</span> <span class='ocrx_word' id='word_1_61' title='bbox 884 1017 902 1043; x_wconf 81' lang='lat'>‚</span> <span class='ocrx_word' id='word_1_62' title='bbox 938 978 1222 1047; x_wconf 76' lang='lat' dir='ltr'>rursusque</span> <span class='ocrx_word' id='word_1_63' title='bbox 1254 980 1441 1031; x_wconf 88' lang='lat' dir='ltr'>debere</span> <span class='ocrx_word' id='word_1_64' title='bbox 1476 994 1548 1031; x_wconf 83' lang='lat' dir='ltr'>ex</span> <span class='ocrx_word' id='word_1_65' title='bbox 1576 976 1816 1047; x_wconf 78' lang='lat' dir='ltr'>integro-</span> 
     </span>
     <span class='ocr_line' id='line_1_11' title="bbox 341 1050 1809 1121; baseline 0.001 -18"><span class='ocrx_word' id='word_1_66' title='bbox 341 1050 578 1115; x_wconf 85' lang='lat' dir='ltr'>discere,</span> <span class='ocrx_word' id='word_1_67' title='bbox 617 1051 666 1103; x_wconf 81' lang='lat' dir='ltr'>si</span> <span class='ocrx_word' id='word_1_68' title='bbox 707 1052 801 1105; x_wconf 90' lang='lat' dir='ltr'>ille</span> <span class='ocrx_word' id='word_1_69' title='bbox 835 1054 1216 1120; x_wconf 74' lang='lat' dir='ltr'>praevaricator</span> <span class='ocrx_word' id='word_1_70' title='bbox 1246 1054 1576 1121; x_wconf 79' lang='lat' dir='ltr'>probaretur.</span> <span class='ocrx_word' id='word_1_71' title='bbox 1615 1051 1809 1119; x_wconf 78' lang='lat' dir='ltr'>Atque</span> 
     </span>
     <span class='ocr_line' id='line_1_12' title="bbox 340 1121 1817 1195; baseline 0.001 -20"><span class='ocrx_word' id='word_1_72' title='bbox 340 1121 417 1175; x_wconf 90' lang='lat' dir='ltr'>ita</span> <span class='ocrx_word' id='word_1_73' title='bbox 436 1127 562 1177; x_wconf 87' lang='lat' dir='ltr'>dum</span> <span class='ocrx_word' id='word_1_74' title='bbox 588 1125 678 1176; x_wconf 89' lang='lat' dir='ltr'>ille</span> <span class='ocrx_word' id='word_1_75' title='bbox 704 1126 973 1195; x_wconf 85' lang='lat' dir='ltr'>peragitur</span> <span class='ocrx_word' id='word_1_76' title='bbox 996 1144 1117 1179; x_wconf 89' lang='lat' dir='ltr'>reus</span> <span class='ocrx_word' id='word_1_77' title='bbox 1141 1126 1390 1179; x_wconf 84' lang='lat' dir='ltr'>sedimus.</span> <span class='ocrx_word' id='word_1_78' title='bbox 1435 1123 1620 1177; x_wconf 85' lang='lat' dir='ltr'>Postea</span> <span class='ocrx_word' id='word_1_79' title='bbox 1644 1125 1817 1177; x_wconf 79' lang='lat' dir='ltr'>Nor-</span> 
     </span>
     <span class='ocr_line' id='line_1_13' title="bbox 341 1196 1809 1269; baseline 0 -19"><span class='ocrx_word' id='word_1_80' title='bbox 341 1196 510 1251; x_wconf 86' lang='lat' dir='ltr'>banus</span> <span class='ocrx_word' id='word_1_81' title='bbox 566 1200 819 1251; x_wconf 75' lang='lat' dir='ltr'>omnibus</span> <span class='ocrx_word' id='word_1_82' title='bbox 868 1199 1052 1252; x_wconf 86' lang='lat' dir='ltr'>diebus</span> <span class='ocrx_word' id='word_1_83' title='bbox 1103 1199 1437 1269; x_wconf 86' lang='lat' dir='ltr'>cognitionis</span> <span class='ocrx_word' id='word_1_84' title='bbox 1489 1197 1750 1251; x_wconf 81' lang='lat' dir='ltr'>interfuit</span> <span class='ocrx_word' id='word_1_85' title='bbox 1788 1216 1809 1260; x_wconf 64' lang='grc' dir='ltr'>ς</span> 
     </span>
     <span class='ocr_line' id='line_1_14' title="bbox 341 1271 1811 1342; baseline 0.002 -20"><span class='ocrx_word' id='word_1_86' title='bbox 341 1274 691 1340; x_wconf 86' lang='lat' dir='ltr'>eamdemque</span> <span class='ocrx_word' id='word_1_87' title='bbox 728 1275 896 1342; x_wconf 87' lang='lat' dir='ltr'>usque</span> <span class='ocrx_word' id='word_1_88' title='bbox 921 1276 986 1325; x_wconf 88' lang='lat' dir='ltr'>ad</span> <span class='ocrx_word' id='word_1_89' title='bbox 1003 1288 1307 1326; x_wconf 80' lang='lat' dir='ltr'>extremum</span> <span class='ocrx_word' id='word_1_90' title='bbox 1328 1274 1419 1326; x_wconf 82' lang='lat' dir='ltr'>vel</span> <span class='ocrx_word' id='word_1_91' title='bbox 1444 1271 1811 1325; x_wconf 79' lang='lat' dir='ltr'>constantiam</span> 
     </span>
     <span class='ocr_line' id='line_1_15' title="bbox 340 1345 1806 1417; baseline 0.001 -21"><span class='ocrx_word' id='word_1_92' title='bbox 340 1347 432 1396; x_wconf 87' lang='lat' dir='ltr'>vel</span> <span class='ocrx_word' id='word_1_93' title='bbox 474 1346 745 1397; x_wconf 87' lang='lat' dir='ltr'>audaciam</span> <span class='ocrx_word' id='word_1_94' title='bbox 785 1346 1027 1414; x_wconf 83' lang='lat' dir='ltr'>pertulit.</span> <span class='ocrx_word' id='word_1_95' title='bbox 1074 1349 1356 1417; x_wconf 83' lang='lat' dir='ltr'>Interrogo</span> <span class='ocrx_word' id='word_1_96' title='bbox 1395 1345 1506 1414; x_wconf 87' lang='lat' dir='ltr'>ipse</span> <span class='ocrx_word' id='word_1_97' title='bbox 1547 1362 1675 1409; x_wconf 83' lang='lat' dir='ltr'>me,</span> <span class='ocrx_word' id='word_1_98' title='bbox 1724 1362 1806 1398; x_wconf 76' lang='lat' dir='ltr'>an</span> 
     </span>
     <span class='ocr_line' id='line_1_16' title="bbox 343 1418 1813 1488; baseline 0.002 -19"><span class='ocrx_word' id='word_1_99' title='bbox 343 1418 549 1486; x_wconf 86' lang='lat' dir='ltr'>aliquid</span> <span class='ocrx_word' id='word_1_100' title='bbox 589 1419 870 1471; x_wconf 83' lang='lat' dir='ltr'>omiserim</span> <span class='ocrx_word' id='word_1_101' title='bbox 901 1422 1112 1473; x_wconf 87' lang='lat' dir='ltr'>rursus:</span> <span class='ocrx_word' id='word_1_102' title='bbox 1138 1421 1192 1473; x_wconf 81' lang='grc' dir='ltr'>δι</span> <span class='ocrx_word' id='word_1_103' title='bbox 1211 1420 1389 1473; x_wconf 85' lang='lat' dir='ltr'>rursus</span> <span class='ocrx_word' id='word_1_104' title='bbox 1425 1418 1566 1488; x_wconf 74' lang='lat' dir='ltr'>pene</span> <span class='ocrx_word' id='word_1_105' title='bbox 1600 1418 1813 1475; x_wconf 86' lang='lat' dir='ltr'>omisi.</span> 
     </span>
     <span class='ocr_line' id='line_1_17' title="bbox 344 1492 1820 1562; baseline 0.004 -21"><span class='ocrx_word' id='word_1_106' title='bbox 344 1492 569 1543; x_wconf 86' lang='lat' dir='ltr'>Summo</span> <span class='ocrx_word' id='word_1_107' title='bbox 611 1492 697 1543; x_wconf 85' lang='lat' dir='ltr'>die</span> <span class='ocrx_word' id='word_1_108' title='bbox 746 1494 960 1546; x_wconf 82' lang='lat' dir='ltr'>Salvius</span> <span class='ocrx_word' id='word_1_109' title='bbox 1000 1494 1257 1547; x_wconf 83' lang='lat' dir='ltr'>Liberalis</span> <span class='ocrx_word' id='word_1_110' title='bbox 1300 1494 1540 1562; x_wconf 88' lang='lat' dir='ltr'>reliquos</span> <span class='ocrx_word' id='word_1_111' title='bbox 1586 1494 1820 1561; x_wconf 58' lang='lat' dir='ltr'>legatosv</span> 
     </span>
     <span class='ocr_line' id='line_1_18' title="bbox 344 1566 1812 1636; baseline 0.003 -21"><span class='ocrx_word' id='word_1_112' title='bbox 344 1566 581 1633; x_wconf 85' lang='lat' dir='ltr'>graviter</span> <span class='ocrx_word' id='word_1_113' title='bbox 614 1566 912 1635; x_wconf 85' lang='lat' dir='ltr'>increpuit,</span> <span class='ocrx_word' id='word_1_114' title='bbox 940 1582 1210 1636; x_wconf 86' lang='lat' dir='ltr'>tamquam</span> <span class='ocrx_word' id='word_1_115' title='bbox 1243 1583 1357 1620; x_wconf 87' lang='lat' dir='ltr'>non</span> <span class='ocrx_word' id='word_1_116' title='bbox 1394 1583 1582 1619; x_wconf 84' lang='lat' dir='ltr'>omnes</span> <span class='ocrx_word' id='word_1_117' title='bbox 1609 1604 1635 1630; x_wconf 79' lang='lat'>‚</span> <span class='ocrx_word' id='word_1_118' title='bbox 1654 1582 1812 1635; x_wconf 81' lang='lat' dir='ltr'>quos</span> 
     </span>
     <span class='ocr_line' id='line_1_19' title="bbox 345 1635 1814 1710; baseline 0.003 -22"><span class='ocrx_word' id='word_1_119' title='bbox 345 1635 633 1690; x_wconf 82' lang='lat' dir='ltr'>mandaffet</span> <span class='ocrx_word' id='word_1_120' title='bbox 682 1640 1007 1706; x_wconf 84' lang='lat' dir='ltr'>provincia,</span> <span class='ocrx_word' id='word_1_121' title='bbox 1051 1658 1174 1693; x_wconf 81' lang='lat' dir='ltr'>reos</span> <span class='ocrx_word' id='word_1_122' title='bbox 1225 1640 1585 1710; x_wconf 62' lang='lat' dir='ltr'>peregissenu</span> <span class='ocrx_word' id='word_1_123' title='bbox 1634 1653 1814 1709; x_wconf 82' lang='lat' dir='ltr'>atque</span> 
     </span>
     <span class='ocr_line' id='line_1_20' title="bbox 342 1710 1816 1777; baseline 0.003 -15"><span class='ocrx_word' id='word_1_124' title='bbox 342 1725 405 1762; x_wconf 89' lang='lat' dir='ltr'>ut</span> <span class='ocrx_word' id='word_1_125' title='bbox 435 1710 509 1763; x_wconf 91' lang='lat' dir='ltr'>est</span> <span class='ocrx_word' id='word_1_126' title='bbox 550 1714 841 1765; x_wconf 79' lang='lat' dir='ltr'>vehemens</span> <span class='ocrx_word' id='word_1_127' title='bbox 892 1714 944 1765; x_wconf 72' lang='grc' dir='ltr'>δι</span> <span class='ocrx_word' id='word_1_128' title='bbox 977 1714 1244 1777; x_wconf 84' lang='lat' dir='ltr'>disertus,</span> <span class='ocrx_word' id='word_1_129' title='bbox 1285 1716 1342 1766; x_wconf 89' lang='lat' dir='ltr'>in</span> <span class='ocrx_word' id='word_1_130' title='bbox 1383 1713 1670 1766; x_wconf 85' lang='lat' dir='ltr'>discrimen</span> <span class='ocrx_word' id='word_1_131' title='bbox 1710 1713 1816 1767; x_wconf 86' lang='lat' dir='ltr'>ad·</span> 
     </span>
     <span class='ocr_line' id='line_1_21' title="bbox 343 1784 1814 1856; baseline 0.004 -22"><span class='ocrx_word' id='word_1_132' title='bbox 343 1786 517 1837; x_wconf 85' lang='lat' dir='ltr'>duxit.</span> <span class='ocrx_word' id='word_1_133' title='bbox 563 1784 783 1838; x_wconf 80' lang='lat' dir='ltr'>Protexi</span> <span class='ocrx_word' id='word_1_134' title='bbox 828 1787 980 1839; x_wconf 87' lang='lat' dir='ltr'>viros</span> <span class='ocrx_word' id='word_1_135' title='bbox 1022 1786 1299 1855; x_wconf 72' lang='lat' dir='ltr'>optim08‚</span> <span class='ocrx_word' id='word_1_136' title='bbox 1324 1788 1644 1855; x_wconf 81' lang='lat' dir='ltr'>eosdemque</span> <span class='ocrx_word' id='word_1_137' title='bbox 1677 1803 1814 1856; x_wconf 84' lang='lat' dir='ltr'>gra·</span> 
     </span>
     <span class='ocr_line' id='line_1_22' title="bbox 345 1857 1816 1930; baseline 0.005 -21"><span class='ocrx_word' id='word_1_138' title='bbox 345 1857 624 1911; x_wconf 86' lang='lat' dir='ltr'>tissimos:</span> <span class='ocrx_word' id='word_1_139' title='bbox 652 1859 786 1912; x_wconf 84' lang='lat' dir='ltr'>mihi</span> <span class='ocrx_word' id='word_1_140' title='bbox 812 1859 957 1914; x_wconf 74' lang='lat' dir='ltr'>certe</span> <span class='ocrx_word' id='word_1_141' title='bbox 991 1863 1177 1914; x_wconf 86' lang='lat' dir='ltr'>debere</span> <span class='ocrx_word' id='word_1_142' title='bbox 1211 1862 1265 1912; x_wconf 89' lang='lat' dir='ltr'>se</span> <span class='ocrx_word' id='word_1_143' title='bbox 1289 1862 1625 1930; x_wconf 66' lang='lat' dir='ltr'>praedicant..</span> <span class='ocrx_word' id='word_1_144' title='bbox 1648 1859 1816 1929; x_wconf 78' lang='lat' dir='ltr'>quod</span> 
     </span>
     <span class='ocr_line' id='line_1_23' title="bbox 346 1928 1820 2003; baseline 0.005 -21"><span class='ocrx_word' id='word_1_145' title='bbox 346 1928 504 1983; x_wconf 86' lang='lat' dir='ltr'>illum</span> <span class='ocrx_word' id='word_1_146' title='bbox 524 1931 791 1984; x_wconf 86' lang='lat' dir='ltr'>turbinem</span> <span class='ocrx_word' id='word_1_147' title='bbox 818 1934 1100 1987; x_wconf 83' lang='lat' dir='ltr'>evaserint.</span> <span class='ocrx_word' id='word_1_148' title='bbox 1127 1935 1231 1986; x_wconf 79' lang='lat' dir='ltr'>Hic</span> <span class='ocrx_word' id='word_1_149' title='bbox 1250 1934 1352 1988; x_wconf 87' lang='lat' dir='ltr'>erit</span> <span class='ocrx_word' id='word_1_150' title='bbox 1376 1934 1611 2003; x_wconf 77' lang='lat' dir='ltr'>epistolae</span> <span class='ocrx_word' id='word_1_151' title='bbox 1635 1933 1777 1988; x_wconf 81' lang='lat' dir='ltr'>finis</span> <span class='ocrx_word' id='word_1_152' title='bbox 1793 1974 1820 2000; x_wconf 61' lang='grc'>,</span> 
     </span>
     <span class='ocr_line' id='line_1_24' title="bbox 344 2004 1817 2071; baseline 0.004 -15"><span class='ocrx_word' id='word_1_153' title='bbox 344 2022 408 2057; x_wconf 85' lang='lat' dir='ltr'>re</span> <span class='ocrx_word' id='word_1_154' title='bbox 438 2021 567 2057; x_wconf 80' lang='lat' dir='ltr'>vera</span> <span class='ocrx_word' id='word_1_155' title='bbox 596 2004 760 2059; x_wconf 85' lang='lat' dir='ltr'>finis:</span> <span class='ocrx_word' id='word_1_156' title='bbox 795 2007 1029 2059; x_wconf 85' lang='lat' dir='ltr'>litteram</span> <span class='ocrx_word' id='word_1_157' title='bbox 1059 2025 1172 2060; x_wconf 87' lang='lat' dir='ltr'>non</span> <span class='ocrx_word' id='word_1_158' title='bbox 1207 2009 1431 2071; x_wconf 83' lang='lat' dir='ltr'>addam,</span> <span class='ocrx_word' id='word_1_159' title='bbox 1469 2008 1683 2060; x_wconf 81' lang='lat' dir='ltr'>etiamsi</span> <span class='ocrx_word' id='word_1_160' title='bbox 1711 2011 1817 2062; x_wconf 79' lang='lat' dir='ltr'>ad-</span> 
     </span>
     <span class='ocr_line' id='line_1_25' title="bbox 342 2075 1594 2147; baseline 0.004 -17"><span class='ocrx_word' id='word_1_161' title='bbox 342 2075 448 2130; x_wconf 73' lang='lat' dir='ltr'>huc</span> <span class='ocrx_word' id='word_1_162' title='bbox 483 2078 687 2147; x_wconf 76' lang='lat' dir='ltr'>aliquid</span> <span class='ocrx_word' id='word_1_163' title='bbox 719 2080 1028 2146; x_wconf 80' lang='lat' dir='ltr'>praeteriiffe</span> <span class='ocrx_word' id='word_1_164' title='bbox 1053 2098 1155 2134; x_wconf 71' lang='lat' dir='ltr'>me=</span> <span class='ocrx_word' id='word_1_165' title='bbox 1170 2080 1407 2134; x_wconf 81' lang='lat' dir='ltr'>sensero.</span> <span class='ocrx_word' id='word_1_166' title='bbox 1435 2081 1594 2135; x_wconf 86' lang='lat' dir='ltr'>Vale.</span> 
     </span>
    </p>
   </div>
   <div class='ocr_carea' id='block_1_3' title="bbox 377 2195 1772 2269">
    <p class='ocr_par' dir='ltr' id='par_1_3' title="bbox 377 2195 1772 2269">
     <span class='ocr_line' id='line_1_26' title="bbox 377 2195 1772 2269; baseline 0.005 -18"><span class='ocrx_word' id='word_1_167' title='bbox 377 2196 451 2253; x_wconf 87' lang='lat' dir='ltr'>X.</span> <span class='ocrx_word' id='word_1_168' title='bbox 484 2198 653 2252; x_wconf 75' lang='lat' dir='ltr'>Ptm.</span> <span class='ocrx_word' id='word_1_169' title='bbox 698 2195 1038 2269; x_wconf 63' lang='lat' dir='ltr'>Swnmnff.</span> <span class='ocrx_word' id='word_1_170' title='bbox 1080 2209 1350 2264; x_wconf 58' lang='lat' dir='ltr'>sumn-1:</span> <span class='ocrx_word' id='word_1_171' title='bbox 1391 2200 1658 2253; x_wconf 62' lang='grc' dir='ltr'>(ξονι-ιε.</span> <span class='ocrx_word' id='word_1_172' title='bbox 1701 2202 1772 2258; x_wconf 80' lang='lat' dir='ltr'>S.</span> 
     </span>
    </p>
   </div>
   <div class='ocr_carea' id='block_1_4' title="bbox 365 2299 1763 2483">
    <p class='ocr_par' dir='ltr' id='par_1_4' title="bbox 365 2299 1763 2483">
     <span class='ocr_line' id='line_1_27' title="bbox 365 2299 1763 2389; baseline 0.004 -19"><span class='ocrx_word' id='word_1_173' title='bbox 365 2299 370 2302; x_wconf 77' lang='grc'><strong><em>’</em></strong></span> <span class='ocrx_word' id='word_1_174' title='bbox 412 2319 630 2370; x_wconf 73' lang='lat' dir='ltr'>Librum</span> <span class='ocrx_word' id='word_1_175' title='bbox 653 2321 708 2367; x_wconf 70' lang='lat' dir='ltr'>ae</span> <span class='ocrx_word' id='word_1_176' title='bbox 743 2317 962 2370; x_wconf 73' lang='lat' dir='ltr'>laudibus</span> <span class='ocrx_word' id='word_1_177' title='bbox 992 2321 1098 2389; x_wconf 63' lang='lat' dir='ltr'>fili.-</span> <span class='ocrx_word' id='word_1_178' title='bbox 1139 2319 1252 2388; x_wconf 73' lang='lat' dir='ltr'>sm</span> <span class='ocrx_word' id='word_1_179' title='bbox 1284 2319 1443 2388; x_wconf 69' lang='lat' dir='ltr'>sanai</span> <span class='ocrx_word' id='word_1_180' title='bbox 1469 2324 1763 2389; x_wconf 52' lang='lat' dir='ltr'>parentibus</span> 
     </span>
     <span class='ocr_line' id='line_1_28' title="bbox 491 2409 1667 2483; baseline 0.003 -21"><span class='ocrx_word' id='word_1_181' title='bbox 491 2413 641 2463; x_wconf 79' lang='lat' dir='ltr'>mittit</span> <span class='ocrx_word' id='word_1_182' title='bbox 662 2414 905 2483; x_wconf 78' lang='lat' dir='ltr'>legendum</span> <span class='ocrx_word' id='word_1_183' title='bbox 930 2413 978 2464; x_wconf 68' lang='grc' dir='ltr'>ὃ·</span> <span class='ocrx_word' id='word_1_184' title='bbox 999 2413 1347 2464; x_wconf 78' lang='lat' dir='ltr'>emendandum.</span> <span class='ocrx_word' id='word_1_185' title='bbox 1375 2409 1500 2466; x_wconf 78' lang='lat' dir='ltr'>Vide</span> <span class='ocrx_word' id='word_1_186' title='bbox 1523 2427 1580 2474; x_wconf 85' lang='lat'>2,</span> <span class='ocrx_word' id='word_1_187' title='bbox 1609 2429 1667 2480; x_wconf 83' lang='lat'>7.</span> 
     </span>
    </p>
   </div>
   <div class='ocr_carea' id='block_1_5' title="bbox 342 2548 1817 2950">
    <p class='ocr_par' dir='ltr' id='par_1_5' title="bbox 342 2548 1817 2950">
     <span class='ocr_line' id='line_1_29' title="bbox 356 2548 1817 2653; baseline -0.001 -12"><span class='ocrx_word' id='word_1_188' title='bbox 356 2548 968 2641; x_wconf 63' lang='lat' dir='ltr'>Compos-mssa</span> <span class='ocrx_word' id='word_1_189' title='bbox 1009 2601 1095 2636; x_wconf 88' lang='lat' dir='ltr'>me</span> <span class='ocrx_word' id='word_1_190' title='bbox 1120 2585 1358 2653; x_wconf 79' lang='lat' dir='ltr'>quaedam</span> <span class='ocrx_word' id='word_1_191' title='bbox 1385 2578 1591 2637; x_wconf 79' lang='lat' dir='ltr'>defiho</span> <span class='ocrx_word' id='word_1_192' title='bbox 1620 2584 1817 2641; x_wconf 82' lang='lat' dir='ltr'>vestro·</span> 
     </span>
     <span class='ocr_line' id='line_1_30' title="bbox 346 2656 1813 2742; baseline 0.001 -31"><span class='ocrx_word' id='word_1_193' title='bbox 346 2675 460 2711; x_wconf 85' lang='lat' dir='ltr'>non</span> <span class='ocrx_word' id='word_1_194' title='bbox 491 2658 608 2711; x_wconf 77' lang='lat' dir='ltr'>dixi</span> <span class='ocrx_word' id='word_1_195' title='bbox 640 2659 831 2723; x_wconf 85' lang='lat' dir='ltr'>vobis,</span> <span class='ocrx_word' id='word_1_196' title='bbox 871 2675 1036 2742; x_wconf 77' lang='lat' dir='ltr'>quum</span> <span class='ocrx_word' id='word_1_197' title='bbox 1070 2656 1320 2727; x_wconf 76' lang='lat' dir='ltr'>proxime</span> <span class='ocrx_word' id='word_1_198' title='bbox 1358 2659 1496 2726; x_wconf 87' lang='lat' dir='ltr'>apud</span> <span class='ocrx_word' id='word_1_199' title='bbox 1530 2676 1636 2712; x_wconf 85' lang='lat' dir='ltr'>vos</span> <span class='ocrx_word' id='word_1_200' title='bbox 1673 2660 1808 2713; x_wconf 81' lang='lat' dir='ltr'>fui</span> <span class='ocrx_word' id='word_1_201' title='bbox 1796 2698 1813 2723; x_wconf 91' lang='lat'>,</span> 
     </span>
     <span class='ocr_line' id='line_1_31' title="bbox 343 2730 1802 2801; baseline 0.001 -17"><span class='ocrx_word' id='word_1_202' title='bbox 343 2733 582 2801; x_wconf 69' lang='lat' dir='ltr'>primum</span> <span class='ocrx_word' id='word_1_203' title='bbox 620 2732 880 2801; x_wconf 69' lang='lat' dir='ltr'>quidem,</span> <span class='ocrx_word' id='word_1_204' title='bbox 914 2730 1040 2801; x_wconf 87' lang='lat' dir='ltr'>quia</span> <span class='ocrx_word' id='word_1_205' title='bbox 1076 2750 1189 2785; x_wconf 89' lang='lat' dir='ltr'>non</span> <span class='ocrx_word' id='word_1_206' title='bbox 1225 2730 1355 2785; x_wconf 85' lang='lat' dir='ltr'>ideo</span> <span class='ocrx_word' id='word_1_207' title='bbox 1381 2732 1701 2800; x_wconf 79' lang='lat' dir='ltr'>scripseram</span> <span class='ocrx_word' id='word_1_208' title='bbox 1738 2749 1802 2787; x_wconf 86' lang='lat' dir='ltr'>ut</span> 
     </span>
     <span class='ocr_line' id='line_1_32' title="bbox 342 2805 1804 2873; baseline 0.001 -15"><span class='ocrx_word' id='word_1_209' title='bbox 342 2806 579 2873; x_wconf 84' lang='lat' dir='ltr'>dicerem</span> <span class='ocrx_word' id='word_1_210' title='bbox 603 2846 627 2870; x_wconf 69' lang='lat'>‚,</span> <span class='ocrx_word' id='word_1_211' title='bbox 661 2806 749 2859; x_wconf 88' lang='lat' dir='ltr'>sed</span> <span class='ocrx_word' id='word_1_212' title='bbox 771 2822 832 2857; x_wconf 86' lang='lat' dir='ltr'>ut</span> <span class='ocrx_word' id='word_1_213' title='bbox 864 2822 990 2857; x_wconf 88' lang='lat' dir='ltr'>meo</span> <span class='ocrx_word' id='word_1_214' title='bbox 1031 2805 1202 2858; x_wconf 85' lang='lat' dir='ltr'>amori</span> <span class='ocrx_word' id='word_1_215' title='bbox 1227 2845 1242 2870; x_wconf 91' lang='lat'>‚</span> <span class='ocrx_word' id='word_1_216' title='bbox 1270 2823 1395 2858; x_wconf 88' lang='lat' dir='ltr'>meo</span> <span class='ocrx_word' id='word_1_217' title='bbox 1426 2807 1605 2859; x_wconf 86' lang='lat' dir='ltr'>dolori</span> <span class='ocrx_word' id='word_1_218' title='bbox 1640 2807 1804 2860; x_wconf 84' lang='lat' dir='ltr'>satis·</span> 
     </span>
     <span class='ocr_line' id='line_1_33' title="bbox 342 2879 1801 2950; baseline 0.001 -18"><span class='ocrx_word' id='word_1_219' title='bbox 342 2880 609 2939; x_wconf 75' lang='lat' dir='ltr'>facerem3</span> <span class='ocrx_word' id='word_1_220' title='bbox 642 2880 830 2934; x_wconf 84' lang='lat' dir='ltr'>deinde</span> <span class='ocrx_word' id='word_1_221' title='bbox 855 2919 880 2945; x_wconf 80' lang='lat'><em>„</em></span> <span class='ocrx_word' id='word_1_222' title='bbox 905 2879 1030 2950; x_wconf 87' lang='lat' dir='ltr'>qu-ia</span> <span class='ocrx_word' id='word_1_223' title='bbox 1050 2895 1102 2933; x_wconf 87' lang='lat' dir='ltr'>te</span> <span class='ocrx_word' id='word_1_224' title='bbox 1123 2919 1147 2943; x_wconf 41' lang='grc' dir='ltr'>Ἃ</span> <span class='ocrx_word' id='word_1_225' title='bbox 1178 2880 1443 2949; x_wconf 79' lang='lat' dir='ltr'>Spurinna</span> <span class='ocrx_word' id='word_1_226' title='bbox 1464 2919 1486 2944; x_wconf 55' lang='lat'>,‚</span> <span class='ocrx_word' id='word_1_227' title='bbox 1506 2896 1676 2950; x_wconf 80' lang='lat' dir='ltr'>quum</span> <span class='ocrx_word' id='word_1_228' title='bbox 1697 2896 1801 2934; x_wconf 77' lang='lat' dir='ltr'>au-</span> 
     </span>
    </p>
   </div>
   <div class='ocr_carea' id='block_1_6' title="bbox 1907 307 1935 3362">
    <p class='ocr_par' dir='ltr' id='par_1_6' title="bbox 1907 307 1935 3362">
     <span class='ocr_line' id='line_1_34' title="bbox 1907 307 1935 3362; baseline 0 0"><span class='ocrx_word' id='word_1_229' title='bbox 1907 307 1935 3362; x_wconf 95' lang='lat' dir='ltr'> </span> 
     </span>
    </p>
   </div>
  </div>
 </body>
</html>
