1951 3720
432 383 574 458 310
741 362 1027 435 CAtt
1094 363 1549 433 ΡιιΝιι

587 484 832 538 XXIX.
872 485 1303 539 TnAsanus
1344 486 1627 538 Puruo
1667 486 1727 541 S.

421 585 508 680 C
526 623 821 662 UPEREM
861 610 961 661 sine
997 611 1190 677 querela
1226 609 1490 679 corpusculi
1534 610 1605 660 tui
1627 644 1644 669 ,
1681 611 1730 661 6·
1764 626 1849 661 euo-

419 702 521 734 rum
553 718 567 742 ,
600 695 847 751 pervenire
895 685 943 741 in
984 685 1261 751 Bithyniam
1302 683 1525 752 potuiffes
1546 718 1562 744 ,
1614 701 1673 733 ac
1718 685 1848 735 simile

421 757 511 808 eibi
545 760 639 808 iter
664 758 722 808 ab
756 756 945 826 Epheso
967 758 1013 808 ei
1045 759 1343 827 navigationi
1370 757 1572 825 fiiiffet‚
1608 776 1748 824 quam
1785 776 1850 808 er·

416 847 581 899 pertus
628 829 767 898 usque
806 832 897 881 illo
936 850 1060 882 eras.
1115 832 1226 903 Quo
1272 847 1428 882 autem
1464 834 1541 883 die
1584 831 1850 898 perveniffes

417 905 468 953 in
488 905 762 972 Bithyniam
786 912 987 975 cognovi
1005 941 1017 961 ,
1035 906 1247 956 Secunde
1271 905 1506 955 carissime
1522 940 1536 965 ‚
1555 906 1735 957 litteris
1755 907 1848 957 tuis.

419 977 751 1028 Provinciales
791 980 811 1046 (
849 978 1033 1044 credo)
1069 977 1360 1047 prospeflum
1393 979 1483 1028 sibi
1515 997 1545 1027 a
1581 996 1654 1027 me
1684 979 1852 1030 intelli·

415 1067 549 1120 gent.
583 1052 710 1101 Nam
743 1053 789 1102 6·
808 1068 857 1101 tu
879 1053 1012 1102 dabis
1041 1071 1230 1121 operam
1256 1070 1307 1102 ut
1333 1051 1626 1119 manifestum
1647 1052 1713 1101 sit
1733 1053 1847 1111 illis,

418 1125 609 1174 elafium
640 1141 687 1174 te
722 1125 809 1192 effe
834 1160 848 1184 ,
894 1132 971 1193 qui
1014 1129 1077 1175 ad
1114 1124 1296 1192 eosdem
1332 1127 1422 1175 mei
1453 1127 1563 1175 loco
1592 1125 1848 1178 mittereris.

418 1198 652 1249 Rationes
676 1216 829 1250 aurem
852 1200 899 1249 in
926 1201 1092 1268 primis
1120 1201 1209 1251 ribi
1241 1200 1688 1267 rerumpublicarum
1725 1215 1848 1250 excu-

417 1271 586 1322 tiendae
612 1271 727 1338 sunt
750 1289 767 1322 .-
805 1265 916 1323 ηαηί
958 1275 1004 1323 6·
1042 1273 1130 1340 effe
1163 1291 1242 1324 eas
1273 1291 1470 1323 vexatas
1499 1270 1628 1339 satis
1667 1274 1847 1336 constat.

415 1343 667 1411 Mensores
699 1346 782 1395 vix
805 1348 945 1396 etiam
978 1348 1036 1398 iis
1073 1347 1289 1414 operibus
1328 1365 1422 1414 quae
1451 1363 1533 1396 aut
1553 1347 1753 1409 Romae,
1787 1361 1847 1395 aut

414 1419 466 1468 in
505 1420 728 1486 proximo
752 1421 918 1488 fiunt,
953 1418 1250 1487 sufficienter
1284 1421 1429 1470 habeo
1462 1436 1479 1469 .·
1515 1418 1607 1486 sed
1647 1426 1701 1471 in
1745 1421 1848 1470 omni

407 1493 664 1561 provincia
697 1493 1025 1551 inveniuntur-4
1076 1495 1237 1562 quibus
1270 1496 1396 1544 credi
1427 1495 1585 1561 possit
1608 1529 1626 1551 ,
1671 1494 1721 1543 6·
1759 1495 1846 1545 ideo

414 1584 511 1617 non
547 1569 743 1617 deerunt
771 1568 861 1618 eibi
881 1603 901 1625 ,
935 1569 1076 1619 modo
1105 1569 1226 1624 velis
1261 1569 1517 1638 diligenter
1546 1581 1789 1618 excutere.

436 1685 642 1741 XXX.
682 1685 1011 1755 Pennus
1051 1676 1432 1739 ’ramme
1472 1687 1744 1742 luri-211.
1781 1687 1834 1743 S.

979 1807 1066 1856 De
1106 1807 1347 1869 custodiis.
1891 1692 1893 1845 4

416 1895 498 1987 R
521 1944 677 1984 ooo
705 1970 721 1995 ,
758 1929 1038 1994 Domine,
1075 1931 1308 1984 consilio
1355 1948 1443 1984 me
1494 1950 1649 2003 regas
1698 1931 1844 1987 hasi-

412 2020 614 2058 tantem
637 2044 653 2068 ‚
691 2019 872 2056 utrum
904 2020 1000 2071 per
1036 2004 1279 2071 publicos
1314 2005 1597 2059 civitatum
1625 2008 1810 2060 servos
1826 2044 1842 2071 ,

413 2080 559 2149 quod
590 2078 755 2145 usque
794 2078 962 2129 adhuc
983 2077 1177 2129 saecum
1200 2117 1215 2141 ,
1247 2096 1313 2130 an
1332 2095 1428 2145 per
1461 2079 1666 2132 milites
1700 2080 1842 2132 affer·

411 2170 540 2206 vare
570 2149 829 2203 custodias
867 2153 1102 2204 debeam.
1128 2152 1337 2203 Vereor
1371 2152 1514 2204 enim
1534 2191 1552 2216 ,
1582 2171 1649 2206 ne
1677 2154 1731 2205 &
1758 2171 1841 2221 per
1888 2193 1889 2198 ,

411 2228 596 2280 servos
631 2224 873 2292 publicos
911 2241 1097 2292 parum
1129 2223 1354 2278 fideliter
1375 2225 1737 2279 custodiantur
1755 2267 1769 2289 ‚
1794 2228 1837 2278 &
1888 2231 1889 2242 ¹

409 2317 525 2353 non
563 2297 821 2366 exiguum
857 2297 1091 2350 militum
1131 2315 1409 2351 numerum
1445 2301 1557 2351 haec
1599 2316 1725 2351 cura
1775 2300 1836 2351 di·

408 2374 641 2442 stringat.
675 2372 897 2423 Interim
938 2371 1164 2440 publicis
1197 2372 1364 2424 servis
1406 2389 1605 2440 paucos
1647 2373 1834 2426 milites
1886 2379 1887 2440 ᾗ

409 2447 600 2501 addidi.
664 2446 843 2498 Video
891 2461 1070 2498 tamen
1108 2444 1403 2513 periculum
1438 2445 1542 2498 effe
1575 2486 1591 2509 ,
1641 2464 1728 2498 ne·
1764 2447 1831 2497 id-

409 2521 582 2590 ipsum
605 2518 838 2586 utrisque
865 2520 1201 2588 negligentiae
1241 2520 1390 2571 causa
1419 2518 1519 2577 siv,
1544 2522 1674 2573 dum
1705 2537 1831 2572 com-

406 2610 624 2648 munem
658 2594 866 2659 culpam
902 2593 960 2645 hi
995 2592 1053 2645 in
1080 2593 1205 2650 illos
1226 2632 1242 2657 ,
1265 2592 1348 2646 ini
1381 2593 1439 2645 in
1459 2593 1563 2647 hos
1602 2609 1829 2665 regerere
1884 2615 1885 2638 ι

407 2667 555 2738 poss‘e
589 2665 884 2721 confidunt.
