1951 3720
339 421 347 427 .
418 375 501 452 52
756 358 1023 426 CAII
1097 360 1519 429 PL1N11

406 474 652 546 insignis.
708 476 792 528 Ad
834 478 938 530 hoc
963 516 979 542 ‚
1016 478 1269 546 perpauci
1314 496 1433 531 cum
1470 477 1661 547 quibus
1698 476 1855 544 iuvet

405 550 614 603 dicere:
654 550 852 613 ceteri,
884 553 1103 604 audaces
1125 591 1140 614 ‚
1181 566 1337 621 atque
1362 552 1522 604 etiam
1554 568 1745 621 magna
1783 570 1851 617 ex

404 638 553 690 parte
579 624 956 676 adolescentuli
975 625 1213 689 obscuri,
1247 626 1310 677 ad
1330 627 1726 677 declamandum
1749 627 1850 678 huc

403 697 677 748 transeunt
697 736 712 759 ‚
743 710 851 748 tam
888 697 1243 750 irreverenter
1277 700 1330 749 &
1358 714 1557 750 temere
1578 737 1593 761 ,
1631 714 1690 751 ut
1714 698 1850 751 mihi

400 769 622 821 Attilius
659 768 833 822 noster
871 770 1121 838 expresse
1160 769 1346 823 dixiffe
1386 772 1666 834 videatur,
1699 774 1771 822 sic
1801 773 1850 823 in

397 842 514 908 [ὀνο
538 861 710 911 pueros
735 863 765 893 a
787 845 1200 895 centumviralibus
1233 846 1385 895 causis
1414 844 1649 913 auspicati
1666 879 1680 904 ,
1714 862 1768 895 ut
1789 846 1848 896 ab

399 916 613 967 Homero
636 917 683 966 in
698 914 894 982 scholis.
927 918 1066 969 Nam
1085 918 1171 969 hic
1190 934 1404 986 quoque
1426 957 1441 981 ‚
1475 933 1533 969 ut
1564 918 1705 981 illic,
1744 919 1852 985 pri-

398 1005 549 1041 mum
572 990 739 1056 coepit
770 989 871 1041 esse
905 991 1051 1059 quod
1080 991 1372 1043 maximum
1397 989 1487 1044 est.
1532 991 1602 1041 At
1631 991 1848 1046 hercule

399 1077 521 1113 ante
561 1062 875 1115 memoriam
911 1081 1085 1116 meam
1106 1066 1128 1132 (
1151 1063 1226 1117 ita
1258 1063 1486 1129 majores
1509 1078 1636 1115 natu
1667 1065 1842 1117 solent

400 1135 624 1202 dicere)
661 1152 727 1187 ne
763 1137 1118 1191 nobilissimis
1168 1137 1383 1206 quidem
1422 1136 1845 1190 adolescentibus

398 1211 550 1261 locus
595 1224 707 1263 erat
737 1247 752 1272 ‚
802 1209 906 1261 nisi
951 1210 1134 1278 aliquo
1175 1209 1437 1263 consulari
1477 1208 1844 1277 producente:

396 1282 545 1334 tanta
573 1282 923 1337 veneratione
949 1284 1366 1351 pulcherrimum
1389 1300 1527 1351 opus
1550 1285 1842 1340 colebatur.

395 1357 554 1407 Nunc
576 1394 589 1417 ,
620 1355 853 1409 refractis
878 1356 1096 1425 pudoris
1140 1354 1193 1411 8,(
1222 1357 1534 1409 reverentiae
1569 1356 1802 1410 claustris
1827 1396 1842 1421 ‚

397 1428 584 1480 omnia
633 1443 815 1496 patent
864 1430 1163 1490 omnibus;
1211 1447 1309 1483 nec
1354 1431 1708 1494 inducuntur,
1754 1431 1846 1483 sed

396 1501 718 1569 irrumpunt.
758 1504 1061 1571 Sequuntur
1103 1503 1371 1555 auditores
1401 1503 1663 1555 altoribus
1699 1503 1848 1555 simi·

398 1578 479 1627 les
501 1614 516 1639 ‚
543 1575 789 1627 conduffi
813 1577 866 1628 ὅ(
901 1577 1161 1645 redempti
1192 1576 1459 1645 mancipes
1482 1596 1496 1630 ε
1522 1576 1847 1630 convenitur

396 1648 458 1700 in
488 1650 659 1701 media
680 1649 897 1703 basilica
916 1689 933 1714 ‚
964 1650 1057 1703 ubi
1078 1665 1186 1705 tam
1210 1652 1381 1718 palam
1407 1649 1655 1718 sportulae
1682 1650 1845 1718 quam

398 1722 457 1774 in
494 1722 730 1775 triclinio
755 1724 961 1777 dantur.
1000 1725 1082 1777 Ex
1115 1722 1316 1788 judicio
1346 1725 1404 1775 in
1436 1722 1690 1789 judicium
1726 1725 1851 1791 pari

395 1798 638 1848 mercede
693 1797 963 1851 transitur.
1041 1799 1168 1849 Inde
1228 1796 1339 1864 jam
1410 1813 1521 1849 non
1586 1796 1846 1852 inurbane

397 1875 671 1946 σοφωιλεῗς
698 1887 962 1924 vocantur
986 1891 999 1924 t
1033 1871 1218 1924 iisdem
1243 1872 1491 1924 Latinum
1522 1888 1721 1923 nomen
1745 1871 1851 1924 im·

396 1950 638 2016 positum
678 1948 750 2001 est
787 1951 1055 2003 laudicoeni.
1108 1950 1173 2001 Et
1204 1964 1383 2001 tamen
1418 1949 1602 2006 crescit
1638 1950 1696 2001 in
1727 1950 1845 2004 dies

396 2023 608 2075 foeditas
631 2021 854 2090 utraque
876 2023 1057 2092 lingua
1081 2037 1281 2075 notata.
1309 2023 1442 2075 Heri
1472 2025 1579 2076 duo
1609 2039 1844 2076 nomen-

396 2098 622 2148 clatores
660 2096 769 2148 mei
811 2097 1048 2163 (habent
1088 2095 1211 2148 sane
1253 2110 1463 2148 aetatem
1508 2112 1697 2148 eorum
1748 2098 1844 2165 qui

370 2179 566 2237 ‘nuper
596 2184 750 2237 togas
781 2168 1142 2237 sumpserint)
1167 2169 1332 2223 ternis
1369 2168 1595 2224 denariis
1636 2170 1700 2220 ad
1733 2172 1847 2223 lau·

395 2245 623 2295 dandum
660 2243 1031 2296 trahebantur:
1067 2243 1206 2294 *tanti
1230 2241 1437 2297 ,constat
1471 2257 1531 2294 ut
1558 2242 1630 2294 sis
1673 2242 1843 2296 diser-

394 2316 655 2369 tissimus.
701 2318 822 2370 Hoc
866 2316 1043 2384 pretio
1079 2317 1372 2385 quamlibet
1407 2316 1688 2368 numerosa
1726 2316 1842 2370 sub-

395 2390 545 2441 sellia
575 2389 864 2456 implentur
894 2410 906 2443 :
944 2391 1051 2442 hoc
1082 2389 1268 2459 ingens
1304 2406 1505 2442 corona
1527 2388 1840 2457 colligitur:

395 2464 503 2515 hoc
555 2462 757 2514 infiniti
819 2466 1077 2516 clamores
1144 2477 1560 2516 commoventur
1600 2502 1616 2525 ‚
1674 2479 1839 2531 quum

391 2538 670 2611 μισ-ἄχορος
703 2538 844 2589 dedit
894 2537 1127 2607 signum.
1182 2537 1336 2605 Opus
1372 2535 1446 2588 est
1492 2536 1636 2587 enim
1679 2537 1839 2606 signo

398 2619 537 2684 apud
581 2633 693 2667 non
733 2615 1091 2684 intelligentes
1113 2654 1130 2678 ‚
1164 2632 1231 2667 ne
1272 2615 1542 2668 audientes
1583 2615 1839 2683 quidem:

396 2706 521 2741 nam
557 2689 796 2756 plerique
832 2705 945 2739 non
986 2689 1203 2741 audiunt
1223 2728 1237 2751 ,
1275 2705 1372 2741 nec
1399 2689 1496 2740 ulli
1532 2688 1701 2757 magis
1733 2691 1840 2740 lau·

328 2767 331 2770 '
395 2765 537 2815 dant.
575 2761 633 2814 si
658 2764 866 2830 quando
890 2762 1136 2814 transibis
1160 2779 1254 2829 per
1274 2762 1544 2814 basilicam
1559 2802 1574 2825 ‚
1598 2764 1651 2813 δι
1680 2765 1838 2814 voles

396 2837 527 2892 scire
561 2837 835 2904 quomodo
868 2835 1089 2904 quisque
1123 2835 1288 2899 dicat,
1321 2835 1454 2887 nihil
1486 2834 1559 2888 est
1580 2838 1729 2904 quod
1751 2835 1839 2886 tri,

395 2911 554 2962 hunal
603 2908 878 2961 adscendas
917 2948 932 2971 ‚
984 2909 1118 2962 nihil
1159 2911 1302 2979 quod
1337 2911 1569 2977 praebeas
1610 2923 1832 2961 aurem:

391 2981 563 3040 facilis
590 2981 871 3040 divinatiO.
910 2982 1058 3038 Scito
1082 2999 1204 3037 eum
1222 2983 1456 3054 pessime
1493 2983 1667 3037 dicere
1688 3021 1705 3048 ,
1745 2979 1837 3053 qui
