1951 3720
369 262 516 329 424
661 236 1518 308 Panacrnzcvs

367 358 495 412 taffe
535 357 826 428 imperator
865 359 925 410 in
959 358 1144 410 senatu
1189 360 1255 411 ad
1293 357 1656 412 reverentiam
1699 353 1805 422 ejus

366 435 830 501 componebatur,
811 452 824 463 ·
871 448 1108 485 ceterum
1137 431 1367 516 egreffus
1389 431 1568 483 statim
1599 431 1655 483 se
1680 430 1805 483 reci-

365 506 590 574 piebat
576 524 633 557 ιιι
664 505 1006 574 Principem,
1039 506 1328 574 omniaque
1357 505 1664 558 consularia
1700 506 1807 556 offi-

365 581 451 631 cia
468 579 711 648 abigere,
737 580 1042 649 negligere,
1074 595 1415 631 contemnere
1453 579 1687 630 solebat
1722 579 1808 630 Ille

367 651 505 706 vero
535 651 610 708 ita
628 653 847 716 consul,
886 668 946 704 ut
963 654 1011 704 si
1034 653 1240 704 tantum
1258 653 1443 703 consul
1462 648 1654 714 foret,
1685 651 1808 705 nihil

366 723 504 778 infra
529 726 582 778 se
609 728 858 794 putabat,
890 726 997 778 nisi
1026 728 1173 795 quod
1201 725 1337 777 infra
1359 724 1643 776 consulem
1673 721 1808 778 efl‘et.

368 799 448 850 Ac
482 799 716 866 primum
758 799 832 850 ita
861 801 1026 855 domo
1057 797 1489 867 progrediebatur
1512 836 1527 860 ‚
1565 812 1631 848 ut
1669 796 1811 855 illum,

366 872 546 924 nullus
578 886 854 940 apparatus
886 872 1201 940 arrogantiae
1234 870 1549 939 principalis
1582 908 1600 932 ,
1643 871 1810 921 nullus

365 945 752 1012 praecursorum
804 947 1061 996 tumultus
1109 943 1386 997 detineret.
1437 942 1569 995 Una
1606 958 1720 994 erat
1755 943 1810 994 in

366 1015 556 1070 limine
585 1035 766 1082 mora,
806 1017 1103 1070 consultare
1136 1035 1263 1070 aves
1284 1056 1301 1082 ‚
1341 1016 1693 1085 revererique
1715 1033 1808 1068 nu·

365 1089 576 1143 minum
615 1091 874 1144 monitus.
925 1093 1102 1143 Nemo
1142 1090 1547 1159 proturbabatur
1577 1109 1597 1150 ;
1657 1105 1809 1143 nemo

364 1162 796 1218 submovebatur.
838 1164 1010 1216 Tanta
1047 1163 1338 1216 viatoribus
1379 1162 1534 1231 quies
1566 1203 1584 1225 ,
1640 1178 1809 1215 tantus

364 1238 541 1305 pudor
577 1237 843 1300 fascibus,
878 1253 939 1290 ut
980 1240 1307 1315 plerumque
1319 1235 1491 1288 aliena
1518 1237 1676 1289 turba
1697 1237 1809 1288 sub·

367 1308 549 1363 sistere
570 1312 625 1364 δε
647 1312 919 1363 consulem
951 1311 1013 1365 δι
1028 1294 1332 1379 Principem
1359 1323 1599 1379 cogeret.
1640 1308 1809 1378 Ipsius

367 1385 584 1452 quidem
616 1385 850 1436 officium
882 1399 993 1436 tam
1023 1383 1294 1439 modicum
1328 1423 1345 1446 ,
1397 1399 1508 1434 tam
1545 1397 1810 1450 tempera·

366 1469 482 1508 tum
507 1496 522 1521 ,
556 1472 615 1509 ut
644 1457 891 1526 antiquus
916 1457 1110 1526 aliquis
1144 1457 1464 1526 magnusque
1500 1455 1694 1508 consul
1727 1456 1809 1508 sub

364 1528 511 1581 bono
544 1529 788 1598 Principe
819 1531 1063 1583 incedere
1098 1531 1386 1582 videretur.

439 1602 721 1656 LXXVII.
759 1605 866 1656 Iter
888 1605 968 1656 illi
1007 1604 1194 1672 saepius
1227 1603 1288 1657 in
1320 1603 1539 1665 forum,
1568 1601 1809 1671 frequen·

366 1690 449 1728 ter
479 1691 657 1729 tamen
688 1677 742 1728 δι
770 1677 831 1728 in
872 1693 1135 1745 campum.
1185 1678 1322 1728 Nam
1362 1675 1590 1728 comitia
1619 1676 1809 1728 consu-

363 1751 480 1813 lum
514 1749 694 1802 obibat
732 1746 843 1817 ipse
881 1768 899 1810 ;
956 1751 1010 1801 δι
1049 1764 1255 1802 tantum
1297 1767 1369 1802 ex
1410 1747 1810 1802 renuntiatione

364 1839 555 1876 eorum
560 1823 921 1907 voluptatiS,
953 1839 1209 1893 quantum
1242 1822 1389 1893 prius
1415 1839 1487 1875 ex
1511 1821 1810 1876 destinatio·

364 1913 435 1949 ne
458 1891 712 1980 capiebat.
737 1899 952 1951 Stabant
975 1897 1238 1950 candidati
1259 1912 1379 1949 ante
1399 1897 1645 1952 curulem
1669 1895 1809 1949 Prin-

362 1969 547 2038 cipis,
576 1986 636 2022 ut
666 1958 780 2039 ipse
805 1986 926 2023 ante
968 1971 1203 2023 consulis
1242 1968 1493 2048 steterat
1530 1970 1808 2039 adigeban-

365 2041 560 2113 turque
592 2044 653 2095 in
690 2045 887 2108 verba,
921 2044 979 2098 in
1021 2059 1137 2112 quae
1177 2042 1338 2113 paulo
1374 2041 1498 2100 ante
1531 2043 1648 2111 ipse
1683 2042 1808 2125 iura·

364 2131 517 2169 verat
538 2117 832 2185 Princeps
861 2117 954 2185 qui
990 2132 1195 2169 tantum
1229 2132 1379 2185 putat
1404 2115 1541 2169 effe
1529 2134 1592 2167 ιιι
1610 2115 1808 2182 jureiu-

363 2190 571 2252 tando,
609 2205 670 2242 ut
694 2190 747 2241 id
772 2189 823 2241 &
843 2191 905 2241 ab
923 2190 1042 2243 aliis
1068 2191 1268 2278 exigat.
1300 2190 1528 2258 Reliqua
1556 2206 1684 2258 pars
1711 2189 1808 2242 diei

363 2260 615 2314 tribunali
653 2264 884 2316 dabatur.
916 2264 997 2315 Ibi
1028 2262 1163 2316 vero
1195 2278 1387 2332 quanta
1418 2262 1614 2332 religio
1653 2262 1807 2332 aequi-

362 2334 530 2399 tatis,
572 2351 767 2403 quanta
803 2338 985 2406 legum
1015 2336 1346 2392 reverentia!
1377 2336 1571 2396 Adibat
1614 2336 1803 2406 aliquis

364 2422 426 2458 ut
462 2408 808 2476 Principem·
797 2444 844 2468 ‚
863 2410 1213 2477 respondebat
1258 2401 1313 2462 se'
1360 2410 1641 2464 consulem
1689 2408 1808 2463 effe.

362 2481 577 2533 Nullius
604 2483 666 2550 ab
688 2499 755 2534 eo
776 2481 1147 2567 magistratus
1133 2501 1257 2549 jus,
1290 2482 1486 2538 nullius
1519 2483 1800 2536 aneton-itas

362 2553 649 2608 imminuta
688 2554 798 2619 est,
835 2551 986 2609 auita
1018 2556 1222 2609 etiam·
1259 2549 1525 2624 siquidem
1554 2559 1803 2624 pleraque

363 2629 430 2680 ad
450 2641 703 2705 praetores
725 2629 1071 2688 remittebat·
1095 2643 1256 2697 atque
1277 2629 1351 2682 ita
1370 2644 1430 2684 ιιι
1452 2630 1688 2698 collegas
1710 2646 1801 2680 vo·

362 2716 511 2754 caret
526 2740 541 2764 ‚
562 2710 682 2754 not!
695 2701 818 2769 quia
835 2704 1093 2770 populare
1113 2718 1421 2771 gratumque
1442 2701 1797 2763 audientibus,

362 2773 456 2826 sed
474 2774 597 2843 quia
617 2774 690 2827 ita
708 2774 983 2829 sentiebat.
1005 2776 1236 2827 Tantum
1259 2774 1585 2844 dignationis
1612 2775 1667 2826 in
1688 2774 1797 2841 ipso

363 2847 576 2903 honore
594 2849 826 2917 ponebat
847 2888 864 2914 ,
904 2862 964 2902 ιιι
995 2865 1110 2903 ιιοιι
1140 2848 1366 2919 amplius
1401 2846 1505 2902 effe
1535 2847 1765 2902 censeret
1783 2882 1802 2912 ,
