1951 3720
290 308 845 379 Epzsrozr.
873 308 1021 380 Lib.
1042 311 1250 383 VIII.
1355 330 1489 403 243

112 426 293 498 denique
319 446 437 482 eum
459 430 804 497 potissimum
825 429 1144 483 imitandum
1172 431 1372 496 habes,
1411 431 1499 484 cui

111 517 254 554 natura
284 502 378 556 effe
416 519 470 556 te
503 503 842 556 simillimum
877 504 1077 558 voluit.
1124 506 1282 560 Vale,

164 622 313 678 XIV.
361 623 691 676 Pmruus
730 622 1129 675 Anlsrozu
1184 636 1330 676 suo
1372 625 1429 678 S.

176 722 452 773 Senatorium
478 722 769 790 quaestionem
788 720 1122 789 explicandam
1149 721 1404 788 proponit.

117 818 359 940 Quum
413 865 487 919 sis
520 864 877 936 peritissimus
931 866 986 917 δε
1033 865 1232 935 privati
1271 863 1404 930 iuris
1456 868 1510 921 δε

111 940 298 1006 publici,
323 940 471 1007 cujus
495 956 616 1008 pars
650 939 974 992 senatorium
1016 940 1090 992 est
1111 980 1125 1003 ‚
1165 941 1326 1009 cupio
1361 958 1432 994 ex
1454 956 1510 995 te

112 1012 408 1078 potissimum
444 1013 622 1065 audire
643 1052 660 1076 ‚
694 1013 984 1065 erraverim
1021 1013 1079 1064 in
1102 1015 1292 1068 senatu
1320 1014 1514 1083 proxi-

111 1084 176 1138 me
190 1125 203 1148 ‚
225 1104 378 1140 necne
401 1106 419 1147 ·‚
440 1104 553 1139 non
573 1086 712 1139 utin
734 1086 1105 1155 praeteritum(
1134 1088 1304 1140 serum
1330 1087 1512 1156 enim)

110 1160 257 1211 verum
284 1176 339 1213 ut
370 1161 431 1212 in
465 1161 737 1223 futurum,
774 1159 823 1212 si
854 1160 985 1228 quid
1020 1160 1196 1213 simile
1232 1160 1478 1213 inciderit
1498 1200 1520 1225 2

113 1232 292 1287 erudiar.
349 1234 520 1287 Dices
558 1273 573 1297 ‚
622 1238 717 1286 cur
761 1236 924 1301 quaeris
964 1237 1090 1301 quod
1129 1235 1257 1300 noffe
1295 1235 1464 1286 debeas
1487 1236 1517 1286 ,⁹

112 1302 312 1359 Priorum
346 1322 657 1376 temporum
699 1305 926 1359 servitus
952 1344 970 1370 ,
1009 1322 1070 1359 ut
1105 1307 1327 1359 aliarum
1370 1307 1520 1375 opti·-

111 1394 273 1431 marum
310 1381 507 1433 artium
532 1419 549 1445 ‚
593 1380 671 1433 sic
704 1380 866 1432 etiam
903 1378 1036 1444 juris
1074 1381 1327 1433 senatorii
1374 1381 1518 1433 obli·

110 1451 293 1505 vionem
314 1457 597 1524 quamdam
622 1453 1057 1523 &ignorantiam
1092 1454 1323 1508 induxit.
1356 1455 1523 1519 Quo·-

107 1537 175 1577 tus
208 1528 338 1580 enim
369 1527 596 1596 quisque
627 1541 735 1578 tam
765 1526 971 1595 patiens
995 1565 1010 1590 ,
1049 1540 1109 1578 ut
1141 1527 1279 1582 vetit
1313 1527 1521 1581 discere

110 1601 226 1664 quod
252 1601 303 1652 in
335 1601 439 1654 usu
475 1618 588 1654 non
618 1600 691 1653 sit
724 1599 1037 1653 habiturus?
1076 1599 1222 1653 Adde
1245 1597 1395 1667 quod
1417 1601 1522 1654 dif-

108 1669 222 1725 ficile
260 1674 326 1727 est
371 1689 557 1732 tenere
603 1691 722 1742 quae
752 1672 1057 1742 acceperis,
1098 1673 1204 1725 nisi
1249 1690 1521 1729 exerceas.

106 1744 257 1813 Itaque
302 1747 516 1801 reduaa
563 1747 778 1801 libertas
819 1749 974 1800 rudes
1011 1764 1112 1802 nos
1147 1748 1200 1799 &
1238 1746 1525 1814 imperitos

110 1818 459 1887 deprehendit,
506 1819 655 1887 cujus
699 1820 975 1874 dulcedine
1024 1819 1232 1873 accensi
1277 1820 1525 1895 cogimur

109 1896 312 1960 quaedam
347 1897 522 1950 facere
557 1893 718 1957 ante,
764 1893 923 1963 quam
971 1893 1137 1948 noffe.
1182 1896 1304 1947 Erat
1342 1908 1521 1948 autem

109 1966 364 2040 antiquitus
410 1969 739 2031 institutum,
764 1982 826 2020 ut
854 1986 883 2019 a
902 1966 1191 2033 majoribus
1222 1983 1384 2031 natu,
1409 1985 1525 2021 non

107 2031 303 2094 auribus
329 2041 535 2106 modo,
571 2041 762 2095 verum
799 2041 961 2093 etiam
999 2036 1170 2095 ocufls
1207 2042 1526 2096 disceremus

108 2129 200 2179 quae
221 2115 493 2179 facienda,
535 2132 668 2167 mox
708 2114 849 2183 ipsi,
887 2131 946 2166 ac
975 2131 1072 2182 per
1098 2114 1248 2167 vices
1273 2115 1522 2184 quasdam

109 2189 322 2241 tradenda
365 2188 663 2241 minoribus
700 2188 1028 2240 haberemus·
1072 2189 1198 2240 Inde
1223 2189 1526 2255 adolescen-

106 2260 185 2311 tuli
210 2260 378 2314 statim
416 2261 759 2314 castrensibus
789 2259 1065 2328 stipendiis
1108 2260 1475 2314 imbuebantur
1510 2301 1528 2327 ‚

105 2347 153 2382 ut
178 2334 431 2404 imperare
466 2337 699 2403 parendo
721 2374 736 2398 ‚
761 2337 919 2386 duces
958 2351 1112 2403 agere
1143 2337 1268 2386 dum
1297 2336 1524 2404 sequun-

107 2418 207 2471 tur,
246 2407 625 2461 ass‘uescerent:
658 2409 781 2459 inde
810 2408 1047 2460 honores
1082 2407 1301 2476 petituri
1335 2409 1526 2462 affiste-

102 2478 206 2531 bant
232 2482 394 2535 curiae
431 2481 670 2544 foribus,
697 2483 750 2533 ὅτ.
778 2479 995 2533 consilii
1036 2480 1235 2548 publici
1263 2482 1526 2549 spestato·

104 2567 172 2604 res
188 2555 341 2620 ante,
379 2573 540 2624 quam
559 2556 833 2608 consortes
856 2568 1024 2607 erant.
1048 2555 1185 2606 Suus
1216 2555 1406 2623 cuique
1440 2573 1530 2623 pa·

101 2640 204 2678 rens
236 2645 338 2696 pro
388 2627 637 2699 magistro
668 2667 684 2692 ‚
740 2641 829 2680 aut
874 2627 960 2680 cui
1004 2644 1193 2696 parens
1234 2644 1346 2680 non
1375 2643 1528 2692 erat,

100 2701 348 2754 maximus
392 2701 616 2771 quisque
654 2703 707 2754 &
741 2700 1130 2754 vetustissimus
1166 2718 1269 2770 pro
1290 2716 1528 2770 parente.

102 2771 218 2837 Quae
270 2775 508 2844 potestas
549 2775 894 2828 referentibus
935 2813 951 2838 ,
995 2775 1142 2844 quod
1196 2774 1531 2827 censentibus

97 2841 204 2912 ius»,
250 2867 378 2918 quae
403 2848 491 2902 vis
532 2847 949 2919 magistratibuS,
982 2867 1098 2918 quae
1138 2847 1331 2901 ceteris
1366 2847 1529 2900 liber·

99 2932 195 2975 tas·
183 2956 200 2982 ‚
236 2923 334 2978 ubi
365 2924 695 2990 cedendum,
726 2921 821 2977 ubi
852 2921 1236 3048 resistendu11n3
1277 2922 1425 2991 quod
1454 2919 1533 2975 si-

1197 3010 1234 3062 ²1
