1951 3720
339 279 793 352 TRAJANo
847 298 1026 350 Dte
1051 297 1262 350 rus,
1385 305 1531 376 409

119 404 256 470 quain
274 408 384 454 non
396 402 612 471 potuisti
630 401 728 455 tibi
745 420 954 472 aequare
979 421 1146 472 quum
1164 407 1335 457 velles
1355 444 1373 470 ,
1397 408 1539 459 adeor

117 474 166 526 in
200 475 337 527 edito
377 476 647 528 collocasti
671 514 686 539 ‚
738 493 799 528 ut
843 492 1048 529 tantum
1089 479 1244 545 super
1282 493 1490 531 ceteros
1511 518 1530 540 .

118 564 350 616 quantum
389 549 522 600 infra
558 564 612 602 te
651 565 1010 604 cernerentur.
1046 552 1101 602 Si
1126 552 1286 603 unius
1315 552 1533 604 tertium*

118 622 420 673 consulatum
445 625 689 675 eumdem
713 624 770 674 in
801 640 997 675 annum
1020 663 1036 688 ‚
1067 624 1126 674 in
1155 641 1319 693 quem
1340 639 1488 676 tuum
1517 664 1534 688 ‚

116 694 393 747 contulisses
412 732 428 757 ‚
469 695 701 765 ingentis
736 697 903 747 animi
930 697 1204 764 specimen
1232 698 1535 751 haberetur.

118 767 181 817 Ut
200 768 336 819 enim
355 767 625 821 felicitatis
644 768 717 821 est
736 808 752 833 ‚
783 784 1040 837 quantum
1068 770 1207 821 velis
1240 768 1387 837 pofl'e
1407 809 1424 834 ‚
1463 770 1537 823 fic

118 840 470 909 magnitudinis
493 881 509 905 ,
541 844 685 895 velle
708 859 965 910 quantum
985 842 1184 910 possis.
1224 843 1537 896 Laudandus

118 914 306 980 quidem
329 916 380 967 δε
402 916 495 967 ille
514 954 531 979 ‚
564 916 659 985 qui
689 915 906 967 tertium
934 915 1270 983 consulatum
1295 917 1489 968 meruit
1510 936 1531 975 ·,

117 986 190 1038 sed
217 988 374 1058 magis
407 989 499 1041 sub
533 1006 643 1057 quo
675 989 869 1041 meruit
906 1008 920 1040 ε
975 1004 1197 1058 magnus
1228 1005 1536 1041 memoran-

118 1060 288 1128 dusque
317 1061 407 1130 qui
438 1076 647 1114 tantum
682 1061 961 1129 praemium
997 1062 1139 1129 cepit
1160 1100 1185 1124 .‚
1237 1062 1326 1113 sed
1361 1062 1536 1127 major

118 1133 195 1200 qui
214 1135 435 1202 capienti
457 1135 620 1187 dedit.
654 1134 804 1201 Quid
821 1173 836 1197 ‚
873 1132 1022 1203 qubd
1047 1137 1181 1186 duos
1207 1136 1404 1202 pariter
1423 1153 1538 1188 ter-

118 1207 185 1258 tio
206 1208 468 1261 consulatu
490 1248 505 1272 ‚
540 1212 673 1261 duos
704 1210 934 1277 collegas
966 1207 1046 1259 tui
1078 1207 1352 1260 sanffitate
1371 1211 1537 1262 deco-

119 1279 216 1331 rasti
235 1283 253 1334 ἓ
273 1295 331 1334 ut
348 1281 418 1334 sit
435 1281 645 1335 nemini
662 1281 880 1334 dubium
900 1320 916 1344 ‚
936 1282 1071 1332 hanc
1091 1279 1190 1332 tibi
1208 1280 1532 1349 praecipuam

119 1354 295 1406 causam
311 1354 464 1408 fuifl'e
491 1355 813 1408 extendendi
841 1353 1143 1406 consulatus
1166 1353 1246 1405 tui
1267 1378 1283 1418 ‚-
1314 1370 1375 1407 ut
1394 1356 1537 1408 duo-³

118 1442 216 1478 rum
244 1429 538 1482 consulatus
576 1427 980 1496 amplecteretur
1009 1465 1025 1490 ,
1073 1428 1440 1497 collegamque
1481 1443 1537 1483 te

118 1515 214 1553 non
241 1502 328 1553 uni
362 1504 526 1555 daret.
564 1503 803 1570 Uterque
831 1518 1001 1569 nuper
1032 1501 1367 1554 consulatum
1396 1505 1535 1556 alte-

119 1588 216 1625 tum
235 1574 441 1644 gefferat
472 1593 508 1627 a¹
534 1591 682 1642 patre
706 1590 802 1628 tuo
824 1615 841 1639 ,
874 1576 927 1626 id
963 1573 1037 1627 est
1061 1613 1077 1637 ‚
1114 1573 1318 1643 quami>
1353 1575 1535 1629 minus

119 1645 253 1713 quam
280 1666 309 1701 a
337 1665 387 1702 te
419 1652 637 1702 datum:
668 1648 943 1717 utriusque
978 1648 1145 1700 adhuc
1168 1647 1339 1700 oculis
1371 1647 1533 1716 paule>

118 1720 221 1773 ant'e
238 1722 434 1775 dimissi
457 1722 622 1775 fasces
641 1723 984 1775 oberrabant:
1010 1720 1283 1788 utriusque
1295 1721 1539 1775 solennis·

118 1790 192 1845 ille
209 1794 447 1848 littorum
474 1797 531 1849 δε
552 1795 878 1865 praenuntius
904 1798 1105 1847 clamor
1137 1794 1349 1847 auribus
1389 1794 1533 1847 inse-

118 1869 270 1928 derat3
304 1888 468 1939 quum
482 1870 660 1923 rursus
680 1871 875 1923 curulis
899 1908 916 1932 ,
958 1868 1235 1937 rursusque
1264 1886 1496 1937 purpura
1515 1889 1534 1924 :

119 1955 167 1991 ut
185 1944 304 1996 olim
322 1962 485 2014 quum
507 1943 672 1996 hostis
695 1943 755 1995 in
771 1941 1028 2012 proximo
1054 1981 1070 2005 ‚
1107 1943 1161 1994 δι
1182 1941 1241 1994 in
1257 1942 1526 1995 summum

117 2014 367 2070 discrimen
406 2017 625 2071 addufflt
664 2016 869 2084 respub.
923 2030 1204 2083 expertum
1238 2016 1532 2070 honoribus

119 2088 272 2142 virum
292 2093 569 2159 posceret,
608 2107 721 2143 non
763 2089 1065 2142 consulatus
1101 2088 1413 2142 hominibus
1434 2090 1533 2141 iis-

120 2161 218 2214 dem
237 2202 250 2226 ,
283 2165 368 2217 sed
397 2165 562 2217 iidem
587 2163 842 2218 homines
863 2161 1222 2217 consulatibus
1243 2164 1535 2216 reddeban-

119 2246 204 2287 tur.
223 2238 382 2291 Tanta
400 2238 500 2291 tibi
522 2235 992 2292 benefaciendi.vis
1012 2276 1033 2299 ,
1064 2251 1124 2288 ut
1148 2235 1533 2306 indulgentiam

119 2319 240 2360 tuam
264 2312 545 2365 necessitas
568 2313 861 2363 aemuletur.
898 2307 1072 2362 Μοάὸ
1107 2324 1393 2376 praetextas
1432 2329 1535 2364 ex·

120 2379 299 2438 fuerant
318 2424 334 2449 ‚
374 2386 643 2438 resumant
675 2404 688 2437 ε
730 2381 897 2436 modi>
932 2382 1149 2434 listores
1187 2382 1329 2436 abire
1371 2382 1533 2446 juffe-

119 2469 248 2520 ram,
282 2472 538 2512 revocent
568 2478 582 2511 z
626 2456 790 2510 modi>
829 2457 1147 2527 gratulantes
1178 2456 1337 2509 amici
1368 2458 1534 2510 reces-

119 2526 266 2584 serant
286 2571 299 2594 ,
341 2546 693 2585 revertantur.
731 2529 1049 2582 Hominisne
1080 2528 1212 2582 istud
1249 2529 1528 2600 ingenium

118 2599 203 2665 cst,
220 2603 450 2659 hominis
470 2604 698 2673 potestas
718 2644 733 2666 ,
765 2619 1026 2656 renovare
1046 2602 1230 2672 gaudia
1255 2641 1270 2666 ‚
1301 2604 1531 2658 redinte-

119 2690 244 2740 grare
262 2678 502 2731 laetitiam
526 2717 543 2741 ‚
573 2679 876 2745 nullamque
896 2674 1134 2744 requiem
1155 2676 1529 2745 gratulationi-

117 2746 196 2817 bus
222 2752 370 2812 dare;
401 2769 575 2820 neque
596 2751 698 2803 alia
727 2748 1028 2819 repetendis
1057 2749 1416 2802 consulatibus
1439 2749 1526 2802 in-

118 2826 313 2877 tervalla
341 2826 650 2894 permittere
668 2863 686 2887 ‚
724 2823 831 2876 nisi
864 2824 990 2878 dum
1020 2821 1322 2875 finiuntur?-
1350 2823 1529 2880 Facias

117 2890 195 2947 ista
209 2897 406 2968 semper
427 2935 450 2964 ‚·
480 2915 579 2954 nec
604 2914 858 2968 umquam
885 2895 954 2954 iu
978 2897 1084 2952 hoc
1112 2912 1278 2966 opere
1299 2910 1389 2951 aut
1406 2897 1527 2966 anis
