1951 3720
380 234 949 304 EPISToLAE.
990 234 1138 304 Lib.
1173 237 1313 307 IV.
1450 259 1586 329 ¹09

144 350 383 411 libertate
406 354 699 407 sinentibus
729 354 922 419 nobis,
954 356 1157 408 fruatur
1184 359 1398 441 legato,
1429 359 1585 427 quasi

141 426 323 478 omnia
363 427 775 496 diligentissime
793 427 1015 484 oeverit.
1066 429 1226 483 Cavit
1257 430 1403 483 enim
1421 449 1585 502 ‚que

146 498 360 553 heredes
375 502 514 553 benc
542 500 724 572 elegit.
767 503 923 556 Vale.

209 621 314 675 XI.
355 621 700 676 Punrus
740 622 1231 676 Μιιτυειᾼιεο
1276 636 1423 677 suo
1462 624 1521 677 S.

149 744 225 795 De
237 744 496 794 Liciniano
513 778 528 803 ,
546 744 626 810 qui
645 743 879 813 relegatus
900 761 929 792 a
949 744 1239 795 Domitiano
1260 778 1276 804 ‚
1309 745 1370 795 ob
1398 745 1593 812 confis-

210 818 384 869 sionem
427 818 598 867 incesti
646 835 745 866 cum
791 816 848 869 V
839 817 977 880 estali
1020 818 1244 869 Cornelia
1268 851 1286 879 ,
1323 821 1487 870 rhetor
1528 821 1589 871 de

211 906 404 943 oratore
435 890 596 957 fastus
624 906 749 943 erat.
1102 919 1107 924 ·

151 971 564 1068 Aulusnm:
605 1012 884 1068 Valerium
929 1014 1267 1069 Licinianum
1304 1015 1361 1068 in
1400 1016 1590 1072 Sicilia

147 1086 379 1151 profiteri
405 1090 432 1140 ἓ
478 1088 736 1140 Nondum
782 1102 837 1140 te
876 1103 1011 1156 puto
1048 1089 1278 1148 audiss'e3
1316 1089 1391 1142 est
1434 1091 1586 1144 enim

139 1174 313 1213 ¹recens
353 1161 598 1215 nuntius.
649 1160 935 1213 Praetorius
968 1161 1058 1213 hic
1089 1163 1253 1215 modo
1294 1162 1434 1215 inter
1462 1166 1589 1216 elo-

139 1235 524 1299 quentissimos
554 1235 824 1286 causarum
860 1234 1065 1287 actores
1090 1236 1405 1289 habebatur:
1437 1253 1588 1289 nunc

143 1302 203 1356 eo
234 1308 434 1361 decidit
470 1323 532 1359 ut
559 1308 710 1360 exsul
741 1310 804 1360 dc
827 1308 1069 1361 senatore
1092 1347 1117 1371 ,
1147 1309 1330 1361 rhetor
1364 1310 1428 1361 de
1459 1326 1586 1362 ora·

145 1391 250 1437 tore
288 1380 469 1434 fieret.
509 1383 694 1449 Itaque
731 1382 842 1449 ipse
872 1381 934 1432 in
959 1382 1273 1448 praefatione
1309 1381 1446 1435 dixit
1483 1385 1591 1435 do·

144 1452 299 1506 lenter
322 1456 378 1507 &
400 1453 637 1523 graviter
655 1473 672 1505 t
701 1455 836 1526 Quos
856 1455 945 1505 tibi
966 1489 990 1513 2
999 1454 1202 1521 fortuna
1220 1491 1236 1513 ‚
1263 1456 1400 1507 ludos
1413 1455 1546 1522 facis
1566 1457 1593 1509 Ξ.

146 1525 271 1578 facis
296 1530 426 1579 enim
447 1527 864 1595 exprofefforibus
887 1526 1171 1595 senatores,
1205 1547 1264 1579 ex
1283 1527 1584 1596 senatoribus

142 1600 433 1667 proftffores.
496 1601 597 1654 Cui
627 1600 898 1654 sententiae
936 1616 1143 1652 tantum
1180 1599 1303 1653 bilis
1321 1641 1339 1665 ,
1372 1616 1581 1655 tantum

145 1674 504 1728 amaritudinis
542 1674 673 1726 inest
692 1713 714 1736 ,
746 1690 805 1726 ut
851 1674 986 1727 mihi
1015 1674 1260 1726 videatur
1294 1674 1417 1727 ideo
1453 1692 1591 1743 pro-

143 1746 342 1813 fessus,
379 1763 442 1801 ut
470 1749 576 1800 hoc
606 1748 823 1800 diceret.
846 1749 1031 1809 Idem,
1062 1764 1228 1816 quum
1252 1746 1446 1800 Graeco
1465 1752 1587 1816 pal-

143 1819 212 1875 lio
252 1822 481 1875 amictus
523 1820 756 1874 inttass‘et
790 1821 811 1889 (
854 1836 1034 1874 carent
1068 1820 1215 1873 enim
1243 1836 1384 1891 togae
1424 1820 1540 1887 jure
1566 1859 1593 1889 ,

145 1896 319 1963 quibus
356 1896 499 1965 aqua
541 1897 594 1947 δι
629 1895 744 1966 igni
773 1891 1111 1948 interdiEtum
1138 1894 1212 1947 est
1245 1895 1266 1962 )
1303 1894 1584 1963 postquam

145 1970 190 2020 se
220 1969 563 2039 composuit,
601 1968 1081 2037 circumspexitque
1113 1967 1352 2019 habitum
1378 1968 1529 2020 suum
1563 2010 1584 2034 ‚

147 2043 303 2095 Latin&
327 2080 342 2105 ,
374 2044 588 2112 inquit,
623 2044 966 2093 declamaturus
997 2040 1120 2109 sum.
1166 2041 1363 2106 Dices,
1394 2042 1585 2095 Tristia

148 2116 193 2167 &
217 2118 514 2170 miseranda
548 2122 559 2169 ἔ
600 2116 843 2185 Dignum
875 2130 1056 2169 tamen
1095 2115 1248 2167 illum
1280 2154 1297 2178 ,
1336 2116 1427 2183 qui
1467 2117 1583 2168 haec

145 2188 244 2257 ipsa
270 2190 442 2245 studia
476 2188 656 2241 incesti
678 2191 871 2242 scelere
892 2188 1270 2242 maculaverit!
1303 2188 1580 2242 Confeffus

142 2262 208 2315 cst
242 2265 463 2334 quidem
492 2262 743 2315 incestum
775 2282 793 2323 3
832 2264 922 2315 sed
949 2263 1211 2314 incertum
1246 2277 1424 2314 utrum
1456 2263 1588 2333 quia

143 2354 321 2390 verum
354 2351 468 2390 crat
489 2375 510 2401 ,
538 2354 605 2388 an
636 2336 759 2406 quia
794 2335 1042 2406 graviora
1064 2337 1328 2388 metuebat
1351 2374 1365 2399 ,
1403 2336 1450 2388 si
1485 2354 1583 2390 ne-

143 2410 309 2478 gaffet.
347 2412 626 2463 Fremebat
648 2409 794 2463 enim
817 2409 1166 2462 Domitianus
1187 2448 1204 2472 ,
1234 2407 1588 2479 aestuabatque

143 2483 340 2555 ingenti
372 2483 580 2536 invidia
601 2482 896 2537 destitutus.
925 2484 1063 2534 Nam
1088 2499 1252 2551 quum
1274 2482 1587 2535 Corneliam

141 2557 430 2611 Vestalium
468 2556 758 2608 maximam
792 2556 1038 2609 defodere
1069 2555 1256 2608 vivam
1298 2557 1583 2625 concupis-

141 2631 244 2697 set,
294 2648 358 2684 ut
408 2629 505 2699 qui
554 2626 797 2683 illustrari
833 2630 1066 2681 seculum
1112 2629 1261 2682 suum
1316 2627 1587 2696 ejusmodi

139 2707 389 2794 exemplo
429 2702 800 2766 arbitraretur,
838 2701 1145 2758 Pontificis
1161 2701 1384 2754 maximi
1417 2702 1532 2768 jure
1562 2739 1584 2765 ,

127 2776 224 2847 Jseu
242 2777 424 2848 potius
447 2776 777 2830 immanitate
807 2776 1061 2846 tyranni,
1092 2775 1309 2829 licentia
1329 2774 1582 2839 domini,

140 2852 373 2925 reliquos
408 2847 695 2923 pontifices
719 2867 832 2905 non
853 2849 911 2906 in
945 2849 1187 2924 regiam
1214 2849 1346 2904 sed
1332 2866 1396 2903 in
1417 2849 1585 2904 Alba—
