<?xml version="1.0" encoding="UTF-8"?>
<!DOCTYPE html PUBLIC "-//W3C//DTD XHTML 1.0 Transitional//EN"
    "http://www.w3.org/TR/xhtml1/DTD/xhtml1-transitional.dtd">
<html xmlns="http://www.w3.org/1999/xhtml" xml:lang="en" lang="en">
 <head>
  <title>
</title>
<meta http-equiv="Content-Type" content="text/html;charset=utf-8" />
  <meta name='ocr-system' content='tesseract 3.04.00' />
  <meta name='ocr-capabilities' content='ocr_page ocr_carea ocr_par ocr_line ocrx_word'/>
</head>
<body>
  <div class='ocr_page' id='page_1' title='image "./panegyricus00lallgoog_0223.png"; bbox 0 0 1951 3720; ppageno 0'>
   <div class='ocr_carea' id='block_1_1' title="bbox 139 325 156 350">
    <p class='ocr_par' dir='ltr' id='par_1_1' title="bbox 139 325 156 350">
     <span class='ocr_line' id='line_1_1' title="bbox 139 325 156 350; baseline 0 0"><span class='ocrx_word' id='word_1_1' title='bbox 139 325 156 350; x_wconf 64' lang='grc' dir='ltr'>ἱ</span> 
     </span>
    </p>
   </div>
   <div class='ocr_carea' id='block_1_2' title="bbox 396 333 1586 450">
    <p class='ocr_par' dir='ltr' id='par_1_2' title="bbox 396 333 1586 450">
     <span class='ocr_line' id='line_1_2' title="bbox 396 333 1586 450; baseline 0.021 -52"><span class='ocrx_word' id='word_1_2' title='bbox 396 333 973 409; x_wconf 74' lang='lat' dir='ltr'><strong><em>EPISTOLAE.</em></strong></span> <span class='ocrx_word' id='word_1_3' title='bbox 1020 340 1167 411; x_wconf 85' lang='lat' dir='ltr'><strong>Lib.</strong></span> <span class='ocrx_word' id='word_1_4' title='bbox 1198 344 1343 416; x_wconf 83' lang='lat' dir='ltr'>VI.</span> <span class='ocrx_word' id='word_1_5' title='bbox 1459 371 1586 450; x_wconf 83' lang='lat'>195</span> 
     </span>
    </p>
   </div>
   <div class='ocr_carea' id='block_1_3' title="bbox 34 456 1598 3066">
    <p class='ocr_par' dir='ltr' id='par_1_3' title="bbox 34 456 1598 3066">
     <span class='ocr_line' id='line_1_3' title="bbox 139 456 1596 543; baseline 0.014 -37"><span class='ocrx_word' id='word_1_6' title='bbox 139 467 300 524; x_wconf 75' lang='lat' dir='ltr'>atque</span> <span class='ocrx_word' id='word_1_7' title='bbox 348 456 513 509; x_wconf 83' lang='lat' dir='ltr'>etiam</span> <span class='ocrx_word' id='word_1_8' title='bbox 548 474 620 510; x_wconf 83' lang='lat' dir='ltr'>ex</span> <span class='ocrx_word' id='word_1_9' title='bbox 662 460 936 528; x_wconf 89' lang='lat' dir='ltr'>superiore</span> <span class='ocrx_word' id='word_1_10' title='bbox 982 463 1212 519; x_wconf 83' lang='lat' dir='ltr'>basilicae</span> <span class='ocrx_word' id='word_1_11' title='bbox 1254 483 1404 536; x_wconf 88' lang='lat' dir='ltr'>parte</span> <span class='ocrx_word' id='word_1_12' title='bbox 1425 510 1442 535; x_wconf 92' lang='lat'>,</span> <span class='ocrx_word' id='word_1_13' title='bbox 1491 474 1596 543; x_wconf 76' lang='lat' dir='ltr'>qua</span> 
     </span>
     <span class='ocr_line' id='line_1_4' title="bbox 138 530 1598 609; baseline 0.014 -30"><span class='ocrx_word' id='word_1_14' title='bbox 138 530 354 581; x_wconf 79' lang='lat' dir='ltr'>femina:</span> <span class='ocrx_word' id='word_1_15' title='bbox 377 570 392 594; x_wconf 88' lang='lat'>‚</span> <span class='ocrx_word' id='word_1_16' title='bbox 436 531 540 600; x_wconf 78' lang='lat' dir='ltr'>qua</span> <span class='ocrx_word' id='word_1_17' title='bbox 569 532 716 596; x_wconf 85' lang='lat' dir='ltr'>viri,</span> <span class='ocrx_word' id='word_1_18' title='bbox 754 536 1070 594; x_wconf 82' lang='lat' dir='ltr'>&amp;audiendi</span> <span class='ocrx_word' id='word_1_19' title='bbox 1093 579 1107 603; x_wconf 90' lang='lat'>,</span> <span class='ocrx_word' id='word_1_20' title='bbox 1145 542 1291 609; x_wconf 87' lang='lat' dir='ltr'>quod</span> <span class='ocrx_word' id='word_1_21' title='bbox 1326 558 1438 596; x_wconf 87' lang='lat' dir='ltr'>erat</span> <span class='ocrx_word' id='word_1_22' title='bbox 1467 548 1598 599; x_wconf 84' lang='lat' dir='ltr'>diffi-</span> 
     </span>
     <span class='ocr_line' id='line_1_5' title="bbox 137 603 1598 675; baseline 0.013 -21"><span class='ocrx_word' id='word_1_23' title='bbox 137 603 284 668; x_wconf 87' lang='lat' dir='ltr'>cile,·</span> <span class='ocrx_word' id='word_1_24' title='bbox 321 605 410 667; x_wconf 74' lang='grc' dir='ltr'>δε,</span> <span class='ocrx_word' id='word_1_25' title='bbox 456 609 603 675; x_wconf 89' lang='lat' dir='ltr'>quod</span> <span class='ocrx_word' id='word_1_26' title='bbox 647 608 836 674; x_wconf 86' lang='lat' dir='ltr'>facile,</span> <span class='ocrx_word' id='word_1_27' title='bbox 878 612 1091 665; x_wconf 86' lang='lat' dir='ltr'>visendi</span> <span class='ocrx_word' id='word_1_28' title='bbox 1136 615 1309 668; x_wconf 88' lang='lat' dir='ltr'>studio</span> <span class='ocrx_word' id='word_1_29' title='bbox 1352 616 1598 674; x_wconf 87' lang='lat' dir='ltr'>immine·</span> 
     </span>
     <span class='ocr_line' id='line_1_6' title="bbox 133 676 1596 760; baseline 0.013 -32"><span class='ocrx_word' id='word_1_30' title='bbox 133 676 278 731; x_wconf 86' lang='lat' dir='ltr'>bant.</span> <span class='ocrx_word' id='word_1_31' title='bbox 338 680 545 750; x_wconf 86' lang='lat' dir='ltr'>Magna</span> <span class='ocrx_word' id='word_1_32' title='bbox 585 683 915 750; x_wconf 62' lang='lat' dir='ltr'>exspeaatio</span> <span class='ocrx_word' id='word_1_33' title='bbox 953 703 1193 755; x_wconf 84' lang='lat' dir='ltr'>patrum,</span> <span class='ocrx_word' id='word_1_34' title='bbox 1224 707 1414 760; x_wconf 87' lang='lat' dir='ltr'>magna</span> <span class='ocrx_word' id='word_1_35' title='bbox 1462 692 1596 748; x_wconf 87' lang='lat' dir='ltr'>filia·</span> 
     </span>
     <span class='ocr_line' id='line_1_7' title="bbox 136 754 1595 824; baseline 0.011 -24"><span class='ocrx_word' id='word_1_36' title='bbox 136 767 282 815; x_wconf 81' lang='lat' dir='ltr'>rum,</span> <span class='ocrx_word' id='word_1_37' title='bbox 309 770 506 824; x_wconf 86' lang='lat' dir='ltr'>magna</span> <span class='ocrx_word' id='word_1_38' title='bbox 542 754 704 808; x_wconf 86' lang='lat' dir='ltr'>etiam</span> <span class='ocrx_word' id='word_1_39' title='bbox 735 775 1108 815; x_wconf 84' lang='lat' dir='ltr'><strong>novercarum.</strong></span> <span class='ocrx_word' id='word_1_40' title='bbox 1149 765 1371 818; x_wconf 90' lang='lat' dir='ltr'>Secutus</span> <span class='ocrx_word' id='word_1_41' title='bbox 1395 766 1469 819; x_wconf 89' lang='lat' dir='ltr'>est</span> <span class='ocrx_word' id='word_1_42' title='bbox 1502 783 1595 823; x_wconf 81' lang='lat' dir='ltr'>va..</span> 
     </span>
     <span class='ocr_line' id='line_1_8' title="bbox 134 825 1592 908; baseline 0.013 -32"><span class='ocrx_word' id='word_1_43' title='bbox 134 825 243 879; x_wconf 78' lang='lat' dir='ltr'>rius</span> <span class='ocrx_word' id='word_1_44' title='bbox 292 843 548 883; x_wconf 86' lang='lat' dir='ltr'>eventus.</span> <span class='ocrx_word' id='word_1_45' title='bbox 602 827 742 884; x_wconf 85' lang='lat' dir='ltr'>Nam</span> <span class='ocrx_word' id='word_1_46' title='bbox 783 834 988 888; x_wconf 84' lang='lat' dir='ltr'>duobus</span> <span class='ocrx_word' id='word_1_47' title='bbox 1028 837 1271 891; x_wconf 86' lang='lat' dir='ltr'>consiliis</span> <span class='ocrx_word' id='word_1_48' title='bbox 1313 839 1546 896; x_wconf 84' lang='lat' dir='ltr'>vicimus</span> <span class='ocrx_word' id='word_1_49' title='bbox 1574 884 1592 908; x_wconf 85' lang='lat'><strong>‚</strong></span> 
     </span>
     <span class='ocr_line' id='line_1_9' title="bbox 132 900 1588 982; baseline 0.014 -33"><span class='ocrx_word' id='word_1_50' title='bbox 132 900 357 952; x_wconf 89' lang='lat' dir='ltr'>totidem</span> <span class='ocrx_word' id='word_1_51' title='bbox 395 902 533 955; x_wconf 60' lang='lat' dir='ltr'>vieti</span> <span class='ocrx_word' id='word_1_52' title='bbox 574 903 784 960; x_wconf 79' lang='lat' dir='ltr'>sumus.‘</span> <span class='ocrx_word' id='word_1_53' title='bbox 829 905 1098 965; x_wconf 82' lang='lat' dir='ltr'>Notabilis</span> <span class='ocrx_word' id='word_1_54' title='bbox 1147 913 1361 982; x_wconf 86' lang='lat' dir='ltr'>prorsus</span> <span class='ocrx_word' id='word_1_55' title='bbox 1399 933 1484 969; x_wconf 84' lang='lat' dir='ltr'>res</span> <span class='ocrx_word' id='word_1_56' title='bbox 1534 919 1588 970; x_wconf 88' lang='lat'>&amp;</span> 
     </span>
     <span class='ocr_line' id='line_1_10' title="bbox 134 973 1585 1052; baseline 0.014 -29"><span class='ocrx_word' id='word_1_57' title='bbox 134 973 259 1026; x_wconf 85' lang='lat' dir='ltr'>mira</span> <span class='ocrx_word' id='word_1_58' title='bbox 286 994 300 1027; x_wconf 77' lang='lat' dir='ltr'><strong><em>z</em></strong></span> <span class='ocrx_word' id='word_1_59' title='bbox 330 978 522 1030; x_wconf 87' lang='lat' dir='ltr'>eadem</span> <span class='ocrx_word' id='word_1_60' title='bbox 548 975 607 1029; x_wconf 88' lang='lat' dir='ltr'>in</span> <span class='ocrx_word' id='word_1_61' title='bbox 630 977 809 1046; x_wconf 85' lang='lat' dir='ltr'>causa,</span> <span class='ocrx_word' id='word_1_62' title='bbox 842 982 1027 1036; x_wconf 87' lang='lat' dir='ltr'>iisdem</span> <span class='ocrx_word' id='word_1_63' title='bbox 1054 984 1313 1050; x_wconf 75' lang='lat' dir='ltr'>judicibus</span> <span class='ocrx_word' id='word_1_64' title='bbox 1339 1028 1353 1052; x_wconf 87' lang='lat'>‚</span> <span class='ocrx_word' id='word_1_65' title='bbox 1393 987 1585 1044; x_wconf 88' lang='lat' dir='ltr'>iisdem</span> 
     </span>
     <span class='ocr_line' id='line_1_11' title="bbox 131 1049 1588 1126; baseline 0.015 -30"><span class='ocrx_word' id='word_1_66' title='bbox 131 1049 442 1115; x_wconf 86' lang='lat' dir='ltr'>advocatis,</span> <span class='ocrx_word' id='word_1_67' title='bbox 476 1054 669 1105; x_wconf 89' lang='lat' dir='ltr'>eodem</span> <span class='ocrx_word' id='word_1_68' title='bbox 700 1067 944 1126; x_wconf 88' lang='lat' dir='ltr'>tempore</span> <span class='ocrx_word' id='word_1_69' title='bbox 967 1074 1110 1112; x_wconf 87' lang='lat' dir='ltr'>tanta</span> <span class='ocrx_word' id='word_1_70' title='bbox 1134 1060 1414 1116; x_wconf 85' lang='lat' dir='ltr'>diversitas</span> <span class='ocrx_word' id='word_1_71' title='bbox 1441 1066 1588 1117; x_wconf 87' lang='lat' dir='ltr'>acci·</span> 
     </span>
     <span class='ocr_line' id='line_1_12' title="bbox 129 1121 1587 1194; baseline 0.014 -22"><span class='ocrx_word' id='word_1_72' title='bbox 129 1121 205 1172; x_wconf 85' lang='lat' dir='ltr'>dit</span> <span class='ocrx_word' id='word_1_73' title='bbox 237 1124 360 1176; x_wconf 88' lang='lat' dir='ltr'>casu</span> <span class='ocrx_word' id='word_1_74' title='bbox 391 1163 407 1187; x_wconf 83' lang='lat'><strong>‚</strong></span> <span class='ocrx_word' id='word_1_75' title='bbox 452 1129 599 1194; x_wconf 88' lang='lat' dir='ltr'>quod</span> <span class='ocrx_word' id='word_1_76' title='bbox 641 1145 755 1181; x_wconf 92' lang='lat' dir='ltr'>non</span> <span class='ocrx_word' id='word_1_77' title='bbox 794 1131 943 1184; x_wconf 89' lang='lat' dir='ltr'>casus</span> <span class='ocrx_word' id='word_1_78' title='bbox 998 1135 1232 1187; x_wconf 85' lang='lat' dir='ltr'>videtur.</span> <span class='ocrx_word' id='word_1_79' title='bbox 1298 1136 1457 1189; x_wconf 62' lang='lat' dir='ltr'>Victa</span> <span class='ocrx_word' id='word_1_80' title='bbox 1509 1138 1587 1191; x_wconf 83' lang='lat' dir='ltr'>est</span> 
     </span>
     <span class='ocr_line' id='line_1_13' title="bbox 127 1200 1588 1274; baseline 0.014 -29"><span class='ocrx_word' id='word_1_81' title='bbox 127 1209 360 1250; x_wconf 85' lang='lat' dir='ltr'>noverca</span> <span class='ocrx_word' id='word_1_82' title='bbox 385 1240 399 1259; x_wconf 75' lang='grc'>,</span> <span class='ocrx_word' id='word_1_83' title='bbox 428 1200 539 1268; x_wconf 87' lang='lat' dir='ltr'>ipsa</span> <span class='ocrx_word' id='word_1_84' title='bbox 563 1201 717 1256; x_wconf 87' lang='lat' dir='ltr'>heres</span> <span class='ocrx_word' id='word_1_85' title='bbox 748 1221 818 1256; x_wconf 88' lang='lat' dir='ltr'>ex</span> <span class='ocrx_word' id='word_1_86' title='bbox 846 1220 997 1274; x_wconf 89' lang='lat' dir='ltr'>parte</span> <span class='ocrx_word' id='word_1_87' title='bbox 1018 1208 1180 1261; x_wconf 83' lang='lat' dir='ltr'>sexta.</span> <span class='ocrx_word' id='word_1_88' title='bbox 1208 1208 1403 1261; x_wconf 54' lang='lat' dir='ltr'>Victus</span> <span class='ocrx_word' id='word_1_89' title='bbox 1426 1213 1588 1265; x_wconf 88' lang='lat' dir='ltr'>Sube-·</span> 
     </span>
     <span class='ocr_line' id='line_1_14' title="bbox 123 1268 1585 1354; baseline 0.012 -34"><span class='ocrx_word' id='word_1_90' title='bbox 123 1268 299 1334; x_wconf 85' lang='lat' dir='ltr'>rinus,</span> <span class='ocrx_word' id='word_1_91' title='bbox 328 1272 426 1341; x_wconf 86' lang='lat' dir='ltr'>qui</span> <span class='ocrx_word' id='word_1_92' title='bbox 460 1276 808 1330; x_wconf 84' lang='lat' dir='ltr'>exheredatus</span> <span class='ocrx_word' id='word_1_93' title='bbox 838 1296 868 1331; x_wconf 90' lang='lat' dir='ltr'>a</span> <span class='ocrx_word' id='word_1_94' title='bbox 899 1294 1049 1350; x_wconf 86' lang='lat' dir='ltr'>patre</span> <span class='ocrx_word' id='word_1_95' title='bbox 1069 1322 1084 1346; x_wconf 87' lang='lat'>,</span> <span class='ocrx_word' id='word_1_96' title='bbox 1123 1281 1378 1352; x_wconf 85' lang='lat' dir='ltr'>singulari</span> <span class='ocrx_word' id='word_1_97' title='bbox 1412 1284 1585 1354; x_wconf 86' lang='lat' dir='ltr'>impu·</span> 
     </span>
     <span class='ocr_line' id='line_1_15' title="bbox 121 1344 1581 1419; baseline 0.014 -24"><span class='ocrx_word' id='word_1_98' title='bbox 121 1344 297 1398; x_wconf 74' lang='lat' dir='ltr'>dentia</span> <span class='ocrx_word' id='word_1_99' title='bbox 331 1349 499 1400; x_wconf 88' lang='lat' dir='ltr'>alieni</span> <span class='ocrx_word' id='word_1_100' title='bbox 529 1349 694 1417; x_wconf 89' lang='lat' dir='ltr'>patris</span> <span class='ocrx_word' id='word_1_101' title='bbox 731 1352 870 1405; x_wconf 90' lang='lat' dir='ltr'>bona</span> <span class='ocrx_word' id='word_1_102' title='bbox 905 1354 1238 1419; x_wconf 82' lang='lat' dir='ltr'>vindicabat,</span> <span class='ocrx_word' id='word_1_103' title='bbox 1277 1374 1391 1409; x_wconf 91' lang='lat' dir='ltr'>non</span> <span class='ocrx_word' id='word_1_104' title='bbox 1425 1361 1581 1416; x_wconf 87' lang='lat' dir='ltr'>ausus</span> 
     </span>
     <span class='ocr_line' id='line_1_16' title="bbox 117 1416 1580 1498; baseline 0.014 -31"><span class='ocrx_word' id='word_1_105' title='bbox 117 1416 201 1468; x_wconf 84' lang='lat' dir='ltr'>sui</span> <span class='ocrx_word' id='word_1_106' title='bbox 250 1432 457 1488; x_wconf 85' lang='lat' dir='ltr'>petere.</span> <span class='ocrx_word' id='word_1_107' title='bbox 520 1424 647 1475; x_wconf 86' lang='lat' dir='ltr'>Haec</span> <span class='ocrx_word' id='word_1_108' title='bbox 685 1424 781 1477; x_wconf 87' lang='lat' dir='ltr'>tibi</span> <span class='ocrx_word' id='word_1_109' title='bbox 826 1429 1055 1496; x_wconf 85' lang='lat' dir='ltr'>exposui</span> <span class='ocrx_word' id='word_1_110' title='bbox 1087 1470 1102 1494; x_wconf 87' lang='lat'><strong>‚</strong></span> <span class='ocrx_word' id='word_1_111' title='bbox 1137 1429 1369 1498; x_wconf 76' lang='lat' dir='ltr'>primum</span> <span class='ocrx_word' id='word_1_112' title='bbox 1411 1447 1471 1485; x_wconf 92' lang='lat' dir='ltr'>ut</span> <span class='ocrx_word' id='word_1_113' title='bbox 1507 1449 1580 1488; x_wconf 82' lang='lat' dir='ltr'>ex</span> 
     </span>
     <span class='ocr_line' id='line_1_17' title="bbox 117 1492 1578 1573; baseline 0.012 -31"><span class='ocrx_word' id='word_1_114' title='bbox 117 1492 341 1560; x_wconf 86' lang='lat' dir='ltr'>epistola</span> <span class='ocrx_word' id='word_1_115' title='bbox 381 1497 577 1560; x_wconf 73' lang='lat' dir='ltr'>scire3‚</span> <span class='ocrx_word' id='word_1_116' title='bbox 610 1515 727 1566; x_wconf 85' lang='lat' dir='ltr'>quae</span> <span class='ocrx_word' id='word_1_117' title='bbox 751 1516 821 1551; x_wconf 82' lang='lat' dir='ltr'>ex</span> <span class='ocrx_word' id='word_1_118' title='bbox 867 1503 1115 1556; x_wconf 86' lang='lat' dir='ltr'>oratione</span> <span class='ocrx_word' id='word_1_119' title='bbox 1154 1521 1267 1557; x_wconf 91' lang='lat' dir='ltr'>non</span> <span class='ocrx_word' id='word_1_120' title='bbox 1310 1520 1524 1573; x_wconf 86' lang='lat' dir='ltr'>poteras</span> <span class='ocrx_word' id='word_1_121' title='bbox 1560 1527 1578 1563; x_wconf 73' lang='lat' dir='ltr'>t</span> 
     </span>
     <span class='ocr_line' id='line_1_18' title="bbox 114 1567 1573 1642; baseline 0.012 -25"><span class='ocrx_word' id='word_1_122' title='bbox 114 1567 308 1621; x_wconf 84' lang='lat' dir='ltr'>deinde</span> <span class='ocrx_word' id='word_1_123' title='bbox 333 1572 355 1639; x_wconf 97' lang='lat'><strong>(</strong></span> <span class='ocrx_word' id='word_1_124' title='bbox 379 1588 501 1623; x_wconf 84' lang='lat' dir='ltr'>nam</span> <span class='ocrx_word' id='word_1_125' title='bbox 523 1574 763 1642; x_wconf 88' lang='lat' dir='ltr'>detegam</span> <span class='ocrx_word' id='word_1_126' title='bbox 784 1587 921 1627; x_wconf 83' lang='lat' dir='ltr'>artes</span> <span class='ocrx_word' id='word_1_127' title='bbox 944 1576 964 1642; x_wconf 96' lang='lat'>)</span> <span class='ocrx_word' id='word_1_128' title='bbox 996 1593 1057 1629; x_wconf 90' lang='lat' dir='ltr'>ut</span> <span class='ocrx_word' id='word_1_129' title='bbox 1085 1577 1387 1632; x_wconf 87' lang='lat' dir='ltr'>orationem</span> <span class='ocrx_word' id='word_1_130' title='bbox 1410 1582 1573 1634; x_wconf 85' lang='lat' dir='ltr'>liben-</span> 
     </span>
     <span class='ocr_line' id='line_1_19' title="bbox 113 1640 1572 1719; baseline 0.01 -27"><span class='ocrx_word' id='word_1_131' title='bbox 113 1640 225 1693; x_wconf 75' lang='lat' dir='ltr'>tius</span> <span class='ocrx_word' id='word_1_132' title='bbox 266 1646 468 1713; x_wconf 82' lang='lat' dir='ltr'>legeres</span> <span class='ocrx_word' id='word_1_133' title='bbox 490 1686 505 1709; x_wconf 92' lang='lat'>,</span> <span class='ocrx_word' id='word_1_134' title='bbox 558 1646 605 1698; x_wconf 88' lang='lat' dir='ltr'>si</span> <span class='ocrx_word' id='word_1_135' title='bbox 646 1664 757 1699; x_wconf 89' lang='lat' dir='ltr'>non</span> <span class='ocrx_word' id='word_1_136' title='bbox 791 1651 967 1719; x_wconf 88' lang='lat' dir='ltr'>legere</span> <span class='ocrx_word' id='word_1_137' title='bbox 1006 1650 1101 1704; x_wconf 88' lang='lat' dir='ltr'>tibi</span> <span class='ocrx_word' id='word_1_138' title='bbox 1127 1691 1143 1715; x_wconf 84' lang='lat'><strong>‚</strong></span> <span class='ocrx_word' id='word_1_139' title='bbox 1195 1652 1283 1705; x_wconf 90' lang='lat' dir='ltr'>sed</span> <span class='ocrx_word' id='word_1_140' title='bbox 1326 1652 1572 1709; x_wconf 85' lang='lat' dir='ltr'>intereffe</span> 
     </span>
     <span class='ocr_line' id='line_1_20' title="bbox 111 1711 1568 1796; baseline 0.012 -30"><span class='ocrx_word' id='word_1_141' title='bbox 111 1711 317 1779; x_wconf 80' lang='lat' dir='ltr'>iudicio</span> <span class='ocrx_word' id='word_1_142' title='bbox 345 1720 648 1781; x_wconf 79' lang='lat' dir='ltr'>videreris;</span> <span class='ocrx_word' id='word_1_143' title='bbox 680 1739 837 1791; x_wconf 88' lang='lat' dir='ltr'>quam</span> <span class='ocrx_word' id='word_1_144' title='bbox 861 1763 875 1787; x_wconf 87' lang='lat'>‚</span> <span class='ocrx_word' id='word_1_145' title='bbox 916 1724 989 1776; x_wconf 87' lang='lat' dir='ltr'>sit</span> <span class='ocrx_word' id='word_1_146' title='bbox 1024 1725 1151 1779; x_wconf 88' lang='lat' dir='ltr'>licet</span> <span class='ocrx_word' id='word_1_147' title='bbox 1188 1742 1376 1796; x_wconf 87' lang='lat' dir='ltr'>magna</span> <span class='ocrx_word' id='word_1_148' title='bbox 1396 1768 1411 1793; x_wconf 84' lang='lat'>‚</span> <span class='ocrx_word' id='word_1_149' title='bbox 1455 1745 1568 1783; x_wconf 88' lang='lat' dir='ltr'>non</span> 
     </span>
     <span class='ocr_line' id='line_1_21' title="bbox 111 1791 1568 1873; baseline 0.01 -33"><span class='ocrx_word' id='word_1_150' title='bbox 111 1791 337 1860; x_wconf 91' lang='lat' dir='ltr'>despero</span> <span class='ocrx_word' id='word_1_151' title='bbox 364 1797 586 1865; x_wconf 85' lang='lat' dir='ltr'>gratiam</span> <span class='ocrx_word' id='word_1_152' title='bbox 610 1796 940 1850; x_wconf 71' lang='lat' dir='ltr'>brevissimae</span> <span class='ocrx_word' id='word_1_153' title='bbox 973 1799 1393 1870; x_wconf 76' lang='lat' dir='ltr'>impetraturam.</span> <span class='ocrx_word' id='word_1_154' title='bbox 1430 1803 1568 1873; x_wconf 84' lang='lat' dir='ltr'>Nam</span> 
     </span>
     <span class='ocr_line' id='line_1_22' title="bbox 113 1864 1566 1942; baseline 0.01 -25"><span class='ocrx_word' id='word_1_155' title='bbox 113 1864 164 1916; x_wconf 85' lang='lat'>&amp;</span> <span class='ocrx_word' id='word_1_156' title='bbox 200 1869 367 1936; x_wconf 72' lang='lat' dir='ltr'>copia</span> <span class='ocrx_word' id='word_1_157' title='bbox 401 1888 579 1923; x_wconf 82' lang='lat' dir='ltr'>rerum</span> <span class='ocrx_word' id='word_1_158' title='bbox 606 1911 620 1935; x_wconf 87' lang='lat'>‚</span> <span class='ocrx_word' id='word_1_159' title='bbox 658 1872 711 1923; x_wconf 67' lang='grc' dir='ltr'>ὅ(</span> <span class='ocrx_word' id='word_1_160' title='bbox 733 1874 915 1942; x_wconf 72' lang='lat' dir='ltr'>arguta</span> <span class='ocrx_word' id='word_1_161' title='bbox 955 1875 1228 1929; x_wconf 86' lang='lat' dir='ltr'>divisione</span> <span class='ocrx_word' id='word_1_162' title='bbox 1253 1916 1270 1940; x_wconf 86' lang='lat'>‚</span> <span class='ocrx_word' id='word_1_163' title='bbox 1307 1877 1360 1929; x_wconf 89' lang='lat'>&amp;</span> <span class='ocrx_word' id='word_1_164' title='bbox 1396 1893 1566 1931; x_wconf 88' lang='lat' dir='ltr'>narra-</span> 
     </span>
     <span class='ocr_line' id='line_1_23' title="bbox 110 1938 1564 2016; baseline 0.01 -25"><span class='ocrx_word' id='word_1_165' title='bbox 110 1938 368 1995; x_wconf 83' lang='lat' dir='ltr'>tiunculis</span> <span class='ocrx_word' id='word_1_166' title='bbox 397 1945 637 2012; x_wconf 86' lang='lat' dir='ltr'>pluribus</span> <span class='ocrx_word' id='word_1_167' title='bbox 659 1986 673 2009; x_wconf 86' lang='lat'>,</span> <span class='ocrx_word' id='word_1_168' title='bbox 715 1947 768 1998; x_wconf 68' lang='grc' dir='ltr'>ὃ(</span> <span class='ocrx_word' id='word_1_169' title='bbox 796 1949 1087 2016; x_wconf 85' lang='lat' dir='ltr'>eloquendi</span> <span class='ocrx_word' id='word_1_170' title='bbox 1122 1950 1379 2004; x_wconf 75' lang='lat' dir='ltr'>varietate</span> <span class='ocrx_word' id='word_1_171' title='bbox 1410 1966 1564 2005; x_wconf 49' lang='lat' dir='ltr'>reno*</span> 
     </span>
     <span class='ocr_line' id='line_1_24' title="bbox 36 2018 1561 2094; baseline 0.01 -31"><span class='ocrx_word' id='word_1_172' title='bbox 36 2043 39 2048; x_wconf 61' lang='lat'>&gt;</span> <span class='ocrx_word' id='word_1_173' title='bbox 107 2027 284 2070; x_wconf 80' lang='lat' dir='ltr'>vatur.</span> <span class='ocrx_word' id='word_1_174' title='bbox 319 2018 459 2069; x_wconf 86' lang='lat' dir='ltr'>Sunt</span> <span class='ocrx_word' id='word_1_175' title='bbox 481 2023 647 2071; x_wconf 89' lang='lat' dir='ltr'>multa</span> <span class='ocrx_word' id='word_1_176' title='bbox 668 2020 689 2087; x_wconf 93' lang='lat'>(</span> <span class='ocrx_word' id='word_1_177' title='bbox 709 2036 820 2072; x_wconf 89' lang='lat' dir='ltr'>non</span> <span class='ocrx_word' id='word_1_178' title='bbox 840 2024 1087 2074; x_wconf 90' lang='lat' dir='ltr'>auderem</span> <span class='ocrx_word' id='word_1_179' title='bbox 1106 2024 1210 2076; x_wconf 89' lang='lat' dir='ltr'>nisi</span> <span class='ocrx_word' id='word_1_180' title='bbox 1231 2023 1328 2076; x_wconf 87' lang='lat' dir='ltr'>tibi</span> <span class='ocrx_word' id='word_1_181' title='bbox 1349 2024 1561 2094; x_wconf 87' lang='lat' dir='ltr'>dicere)</span> 
     </span>
     <span class='ocr_line' id='line_1_25' title="bbox 106 2088 1559 2164; baseline 0.01 -26"><span class='ocrx_word' id='word_1_182' title='bbox 106 2088 243 2140; x_wconf 88' lang='lat' dir='ltr'>elata</span> <span class='ocrx_word' id='word_1_183' title='bbox 276 2129 291 2153; x_wconf 85' lang='lat'>,</span> <span class='ocrx_word' id='word_1_184' title='bbox 332 2095 502 2144; x_wconf 88' lang='lat' dir='ltr'>multa</span> <span class='ocrx_word' id='word_1_185' title='bbox 542 2094 831 2164; x_wconf 86' lang='lat' dir='ltr'>pugnantia</span> <span class='ocrx_word' id='word_1_186' title='bbox 852 2135 866 2157; x_wconf 85' lang='lat'>‚</span> <span class='ocrx_word' id='word_1_187' title='bbox 900 2099 1068 2149; x_wconf 88' lang='lat' dir='ltr'>multa</span> <span class='ocrx_word' id='word_1_188' title='bbox 1103 2097 1328 2150; x_wconf 86' lang='lat' dir='ltr'>subtilia.</span> <span class='ocrx_word' id='word_1_189' title='bbox 1394 2100 1559 2153; x_wconf 87' lang='lat' dir='ltr'>Inter-</span> 
     </span>
     <span class='ocr_line' id='line_1_26' title="bbox 36 2162 1559 2239; baseline 0.011 -28"><span class='ocrx_word' id='word_1_190' title='bbox 36 2181 37 2196; x_wconf 55' lang='lat'><em>*</em></span> <span class='ocrx_word' id='word_1_191' title='bbox 103 2162 260 2214; x_wconf 79' lang='lat' dir='ltr'>venit</span> <span class='ocrx_word' id='word_1_192' title='bbox 295 2166 443 2217; x_wconf 90' lang='lat' dir='ltr'>enim</span> <span class='ocrx_word' id='word_1_193' title='bbox 486 2169 688 2219; x_wconf 84' lang='lat' dir='ltr'>acribus</span> <span class='ocrx_word' id='word_1_194' title='bbox 725 2168 832 2220; x_wconf 89' lang='lat' dir='ltr'>illis</span> <span class='ocrx_word' id='word_1_195' title='bbox 870 2169 924 2220; x_wconf 89' lang='lat'>&amp;</span> <span class='ocrx_word' id='word_1_196' title='bbox 958 2170 1149 2223; x_wconf 77' lang='lat' dir='ltr'>erectis</span> <span class='ocrx_word' id='word_1_197' title='bbox 1187 2171 1436 2239; x_wconf 86' lang='lat' dir='ltr'>frequens</span> <span class='ocrx_word' id='word_1_198' title='bbox 1469 2190 1559 2227; x_wconf 88' lang='lat' dir='ltr'>ne-</span> 
     </span>
     <span class='ocr_line' id='line_1_27' title="bbox 36 2227 1556 2314; baseline 0.009 -29"><span class='ocrx_word' id='word_1_199' title='bbox 36 2227 41 2242; x_wconf 63' lang='lat'>*</span> <span class='ocrx_word' id='word_1_200' title='bbox 102 2237 322 2289; x_wconf 83' lang='lat' dir='ltr'>cessitas</span> <span class='ocrx_word' id='word_1_201' title='bbox 348 2241 733 2308; x_wconf 81' lang='lat' dir='ltr'>computandi,</span> <span class='ocrx_word' id='word_1_202' title='bbox 766 2258 825 2292; x_wconf 89' lang='lat' dir='ltr'>ac</span> <span class='ocrx_word' id='word_1_203' title='bbox 862 2259 1015 2314; x_wconf 26' lang='lat' dir='ltr'>pene·</span> <span class='ocrx_word' id='word_1_204' title='bbox 1038 2247 1268 2296; x_wconf 87' lang='lat' dir='ltr'>calculos</span> <span class='ocrx_word' id='word_1_205' title='bbox 1304 2248 1556 2301; x_wconf 83' lang='lat' dir='ltr'>tabulam·</span> 
     </span>
     <span class='ocr_line' id='line_1_28' title="bbox 36 2313 1551 2384; baseline 0.01 -24"><span class='ocrx_word' id='word_1_206' title='bbox 36 2337 39 2368; x_wconf 72' lang='grc'>;</span> <span class='ocrx_word' id='word_1_207' title='bbox 101 2325 203 2377; x_wconf 84' lang='lat' dir='ltr'>que</span> <span class='ocrx_word' id='word_1_208' title='bbox 231 2313 527 2381; x_wconf 82' lang='lat' dir='ltr'>poscendi,</span> <span class='ocrx_word' id='word_1_209' title='bbox 566 2329 627 2366; x_wconf 91' lang='lat' dir='ltr'>ut</span> <span class='ocrx_word' id='word_1_210' title='bbox 660 2314 880 2381; x_wconf 81' lang='lat' dir='ltr'>repente</span> <span class='ocrx_word' id='word_1_211' title='bbox 918 2315 977 2368; x_wconf 85' lang='lat' dir='ltr'>in</span> <span class='ocrx_word' id='word_1_212' title='bbox 1012 2317 1210 2384; x_wconf 77' lang='lat' dir='ltr'>privati</span> <span class='ocrx_word' id='word_1_213' title='bbox 1235 2317 1416 2382; x_wconf 83' lang='lat' dir='ltr'>judicii</span> <span class='ocrx_word' id='word_1_214' title='bbox 1439 2321 1551 2375; x_wconf 89' lang='lat' dir='ltr'>for-</span> 
     </span>
     <span class='ocr_line' id='line_1_29' title="bbox 36 2379 1551 2449; baseline 0.01 -16"><span class='ocrx_word' id='word_1_215' title='bbox 36 2379 39 2426; x_wconf 65' lang='grc' dir='ltr'>Ϊ»</span> <span class='ocrx_word' id='word_1_216' title='bbox 97 2399 241 2438; x_wconf 85' lang='lat' dir='ltr'>mam</span> <span class='ocrx_word' id='word_1_217' title='bbox 265 2389 655 2443; x_wconf 89' lang='lat' dir='ltr'>centumvirale</span> <span class='ocrx_word' id='word_1_218' title='bbox 676 2403 933 2442; x_wconf 87' lang='lat' dir='ltr'>vertatur.</span> <span class='ocrx_word' id='word_1_219' title='bbox 972 2392 1232 2443; x_wconf 70' lang='lat' dir='ltr'>Dedzmus</span> <span class='ocrx_word' id='word_1_220' title='bbox 1265 2396 1387 2446; x_wconf 84' lang='lat' dir='ltr'>vela</span> <span class='ocrx_word' id='word_1_221' title='bbox 1411 2394 1551 2449; x_wconf 86' lang='lat' dir='ltr'>indi-</span> 
     </span>
     <span class='ocr_line' id='line_1_30' title="bbox 36 2459 1548 2527; baseline 0.009 -18"><span class='ocrx_word' id='word_1_222' title='bbox 36 2483 41 2524; x_wconf 53' lang='lat' dir='ltr'>l</span> <span class='ocrx_word' id='word_1_223' title='bbox 96 2459 381 2527; x_wconf 83' lang='lat' dir='ltr'>gnationi,</span> <span class='ocrx_word' id='word_1_224' title='bbox 426 2463 666 2515; x_wconf 86' lang='lat' dir='ltr'>dedimus</span> <span class='ocrx_word' id='word_1_225' title='bbox 704 2461 796 2514; x_wconf 82' lang='lat' dir='ltr'>irae</span> <span class='ocrx_word' id='word_1_226' title='bbox 820 2501 834 2525; x_wconf 87' lang='lat'>‚</span> <span class='ocrx_word' id='word_1_227' title='bbox 867 2462 1106 2517; x_wconf 87' lang='lat' dir='ltr'>dedimus</span> <span class='ocrx_word' id='word_1_228' title='bbox 1146 2466 1357 2527; x_wconf 75' lang='lat' dir='ltr'>dolori3</span> <span class='ocrx_word' id='word_1_229' title='bbox 1401 2469 1452 2520; x_wconf 90' lang='lat'>&amp;</span> <span class='ocrx_word' id='word_1_230' title='bbox 1490 2470 1548 2523; x_wconf 88' lang='lat' dir='ltr'>in</span> 
     </span>
     <span class='ocr_line' id='line_1_31' title="bbox 34 2534 1543 2638; baseline 0.007 -54"><span class='ocrx_word' id='word_1_231' title='bbox 34 2535 42 2638; x_wconf 46' lang='grc' dir='ltr'>ἰ</span> <span class='ocrx_word' id='word_1_232' title='bbox 93 2534 432 2602; x_wconf 83' lang='lat' dir='ltr'>amplissima</span> <span class='ocrx_word' id='word_1_233' title='bbox 464 2537 616 2588; x_wconf 83' lang='lat' dir='ltr'>causa</span> <span class='ocrx_word' id='word_1_234' title='bbox 641 2577 655 2599; x_wconf 85' lang='lat'>‚</span> <span class='ocrx_word' id='word_1_235' title='bbox 695 2535 847 2605; x_wconf 70' lang='lat' dir='ltr'>quasi</span> <span class='ocrx_word' id='word_1_236' title='bbox 883 2554 1081 2606; x_wconf 90' lang='lat' dir='ltr'>magno</span> <span class='ocrx_word' id='word_1_237' title='bbox 1103 2539 1270 2603; x_wconf 87' lang='lat' dir='ltr'>mari,</span> <span class='ocrx_word' id='word_1_238' title='bbox 1303 2542 1543 2608; x_wconf 88' lang='lat' dir='ltr'>pluribus</span> 
     </span>
     <span class='ocr_line' id='line_1_32' title="bbox 36 2606 1545 2683; baseline 0.007 -24"><span class='ocrx_word' id='word_1_239' title='bbox 36 2649 37 2672; x_wconf 28' lang='lat'>¹</span> <span class='ocrx_word' id='word_1_240' title='bbox 90 2606 274 2660; x_wconf 57' lang='lat' dir='ltr'>ventis</span> <span class='ocrx_word' id='word_1_241' title='bbox 309 2609 494 2662; x_wconf 84' lang='lat' dir='ltr'>sumus</span> <span class='ocrx_word' id='word_1_242' title='bbox 529 2610 690 2663; x_wconf 66' lang='lat' dir='ltr'>vesti.</span> <span class='ocrx_word' id='word_1_243' title='bbox 742 2613 802 2661; x_wconf 89' lang='lat' dir='ltr'>ln</span> <span class='ocrx_word' id='word_1_244' title='bbox 842 2611 1082 2675; x_wconf 86' lang='lat' dir='ltr'>summa,</span> <span class='ocrx_word' id='word_1_245' title='bbox 1116 2613 1288 2665; x_wconf 81' lang='lat' dir='ltr'>solent</span> <span class='ocrx_word' id='word_1_246' title='bbox 1327 2615 1545 2683; x_wconf 87' lang='lat' dir='ltr'>quidam</span> 
     </span>
     <span class='ocr_line' id='line_1_33' title="bbox 36 2679 1545 2746; baseline 0.005 -14"><span class='ocrx_word' id='word_1_247' title='bbox 36 2679 39 2746; x_wconf 69' lang='grc' dir='ltr'>ξ</span> <span class='ocrx_word' id='word_1_248' title='bbox 89 2684 665 2746; x_wconf 55' lang='lat' dir='ltr'>&amp;contubernalibus</span> <span class='ocrx_word' id='word_1_249' title='bbox 696 2683 888 2735; x_wconf 87' lang='lat' dir='ltr'>nostris</span> <span class='ocrx_word' id='word_1_250' title='bbox 922 2684 1221 2739; x_wconf 87' lang='lat' dir='ltr'>existimare</span> <span class='ocrx_word' id='word_1_251' title='bbox 1260 2688 1390 2740; x_wconf 89' lang='lat' dir='ltr'>hanc</span> <span class='ocrx_word' id='word_1_252' title='bbox 1428 2706 1545 2741; x_wconf 85' lang='lat' dir='ltr'>ora-</span> 
     </span>
     <span class='ocr_line' id='line_1_34' title="bbox 36 2749 1543 2827; baseline 0.007 -24"><span class='ocrx_word' id='word_1_253' title='bbox 36 2749 37 2802; x_wconf 56' lang='lat'>?</span> <span class='ocrx_word' id='word_1_254' title='bbox 87 2752 299 2808; x_wconf 82' lang='lat' dir='ltr'>tionem</span> <span class='ocrx_word' id='word_1_255' title='bbox 340 2758 364 2824; x_wconf 72' lang='grc' dir='ltr'><em>ζ</em></span> <span class='ocrx_word' id='word_1_256' title='bbox 398 2757 594 2810; x_wconf 87' lang='lat' dir='ltr'>iterum</span> <span class='ocrx_word' id='word_1_257' title='bbox 636 2758 805 2810; x_wconf 86' lang='lat' dir='ltr'>dicam</span> <span class='ocrx_word' id='word_1_258' title='bbox 838 2755 858 2821; x_wconf 96' lang='lat'>)</span> <span class='ocrx_word' id='word_1_259' title='bbox 901 2760 1256 2827; x_wconf 66' lang='lat' dir='ltr'>praecipuam,</span> <span class='ocrx_word' id='word_1_260' title='bbox 1301 2776 1362 2812; x_wconf 91' lang='lat' dir='ltr'>ut</span> <span class='ocrx_word' id='word_1_261' title='bbox 1402 2760 1543 2815; x_wconf 87' lang='lat' dir='ltr'>inter</span> 
     </span>
     <span class='ocr_line' id='line_1_35' title="bbox 36 2829 1544 2906; baseline 0.005 -24"><span class='ocrx_word' id='word_1_262' title='bbox 36 2835 39 2882; x_wconf 63' lang='grc' dir='ltr'><strong><em>ἓ</em></strong></span> <span class='ocrx_word' id='word_1_263' title='bbox 86 2843 234 2881; x_wconf 86' lang='lat' dir='ltr'>meas</span> <span class='ocrx_word' id='word_1_264' title='bbox 249 2870 266 2894; x_wconf 91' lang='lat'>,</span> <span class='ocrx_word' id='word_1_265' title='bbox 288 2832 358 2894; x_wconf 70' lang='grc' dir='ltr'>οἷς</span> <span class='ocrx_word' id='word_1_266' title='bbox 374 2833 502 2905; x_wconf 70' lang='grc' dir='ltr'>δπὶρ</span> <span class='ocrx_word' id='word_1_267' title='bbox 524 2829 876 2906; x_wconf 63' lang='grc' dir='ltr'>ΚτησιφδνἿος</span> <span class='ocrx_word' id='word_1_268' title='bbox 896 2831 1016 2886; x_wconf 85' lang='lat' dir='ltr'>effe.</span> <span class='ocrx_word' id='word_1_269' title='bbox 1038 2834 1123 2884; x_wconf 89' lang='lat' dir='ltr'>An</span> <span class='ocrx_word' id='word_1_270' title='bbox 1141 2832 1271 2886; x_wconf 71' lang='lat' dir='ltr'>vere</span> <span class='ocrx_word' id='word_1_271' title='bbox 1286 2873 1301 2897; x_wconf 88' lang='lat'>‚</span> <span class='ocrx_word' id='word_1_272' title='bbox 1322 2848 1381 2886; x_wconf 90' lang='lat' dir='ltr'>tu</span> <span class='ocrx_word' id='word_1_273' title='bbox 1398 2835 1544 2891; x_wconf 87' lang='lat' dir='ltr'>facil-</span> 
     </span>
     <span class='ocr_line' id='line_1_36' title="bbox 36 2909 1538 2984; baseline 0.006 -22"><span class='ocrx_word' id='word_1_274' title='bbox 36 2909 39 2978; x_wconf 36' lang='lat'><em>}</em></span> <span class='ocrx_word' id='word_1_275' title='bbox 83 2910 212 2966; x_wconf 72' lang='lat' dir='ltr'>lime</span> <span class='ocrx_word' id='word_1_276' title='bbox 234 2910 498 2978; x_wconf 80' lang='lat' dir='ltr'>judicabis</span> <span class='ocrx_word' id='word_1_277' title='bbox 515 2955 529 2978; x_wconf 88' lang='lat'>,</span> <span class='ocrx_word' id='word_1_278' title='bbox 552 2914 677 2983; x_wconf 90' lang='lat' dir='ltr'>quia</span> <span class='ocrx_word' id='word_1_279' title='bbox 694 2930 802 2966; x_wconf 87' lang='lat' dir='ltr'>tam</span> <span class='ocrx_word' id='word_1_280' title='bbox 823 2912 1135 2969; x_wconf 85' lang='lat' dir='ltr'>memoriter</span> <span class='ocrx_word' id='word_1_281' title='bbox 1153 2931 1301 2969; x_wconf 87' lang='lat' dir='ltr'>tenes</span> <span class='ocrx_word' id='word_1_282' title='bbox 1316 2933 1506 2971; x_wconf 86' lang='lat' dir='ltr'>omnes</span> <span class='ocrx_word' id='word_1_283' title='bbox 1521 2958 1538 2984; x_wconf 85' lang='lat'>,</span> 
     </span>
     <span class='ocr_line' id='line_1_37' title="bbox 36 2988 1538 3066; baseline 0.01 -30"><span class='ocrx_word' id='word_1_284' title='bbox 36 2997 39 3066; x_wconf 34' lang='lat' dir='ltr'>j</span> <span class='ocrx_word' id='word_1_285' title='bbox 81 3000 138 3038; x_wconf 88' lang='lat' dir='ltr'>ut</span> <span class='ocrx_word' id='word_1_286' title='bbox 161 2988 417 3041; x_wconf 86' lang='lat' dir='ltr'>conferre</span> <span class='ocrx_word' id='word_1_287' title='bbox 437 3004 561 3044; x_wconf 88' lang='lat' dir='ltr'>cum</span> <span class='ocrx_word' id='word_1_288' title='bbox 577 2990 675 3045; x_wconf 84' lang='lat' dir='ltr'>hac</span> <span class='ocrx_word' id='word_1_289' title='bbox 693 3028 710 3056; x_wconf 85' lang='lat'>‚</span> <span class='ocrx_word' id='word_1_290' title='bbox 731 2990 858 3044; x_wconf 88' lang='lat' dir='ltr'>dum</span> <span class='ocrx_word' id='word_1_291' title='bbox 881 2991 1019 3047; x_wconf 84' lang='lat' dir='ltr'>hanc</span> <span class='ocrx_word' id='word_1_292' title='bbox 1035 2991 1203 3047; x_wconf 84' lang='lat' dir='ltr'>solam</span> <span class='ocrx_word' id='word_1_293' title='bbox 1226 2990 1362 3059; x_wconf 86' lang='lat' dir='ltr'>legis</span> <span class='ocrx_word' id='word_1_294' title='bbox 1376 3030 1393 3056; x_wconf 84' lang='lat'>,</span> <span class='ocrx_word' id='word_1_295' title='bbox 1414 3008 1538 3062; x_wconf 85' lang='lat' dir='ltr'>pos·</span> 
     </span>
    </p>
   </div>
   <div class='ocr_carea' id='block_1_4' title="bbox 36 3059 1311 3142">
    <p class='ocr_par' dir='ltr' id='par_1_4' title="bbox 36 3059 1311 3142">
     <span class='ocr_line' id='line_1_38' title="bbox 36 3059 1311 3142; baseline 0.017 -33"><span class='ocrx_word' id='word_1_296' title='bbox 36 3079 41 3142; x_wconf 50' lang='grc' dir='ltr'><strong>ξ</strong></span> <span class='ocrx_word' id='word_1_297' title='bbox 81 3059 171 3119; x_wconf 75' lang='lat' dir='ltr'>sis,</span> <span class='ocrx_word' id='word_1_298' title='bbox 211 3063 382 3119; x_wconf 86' lang='lat' dir='ltr'>Vale.</span> <span class='ocrx_word' id='word_1_299' title='bbox 1227 3065 1254 3118; x_wconf 89' lang='grc' dir='ltr'>Ῑ</span> <span class='ocrx_word' id='word_1_300' title='bbox 1272 3062 1311 3131; x_wconf 66' lang='grc' dir='ltr'>ἦ</span> 
     </span>
    </p>
   </div>
  </div>
 </body>
</html>
