<?xml version="1.0" encoding="UTF-8"?>
<!DOCTYPE html PUBLIC "-//W3C//DTD XHTML 1.0 Transitional//EN"
    "http://www.w3.org/TR/xhtml1/DTD/xhtml1-transitional.dtd">
<html xmlns="http://www.w3.org/1999/xhtml" xml:lang="en" lang="en">
 <head>
  <title>
</title>
<meta http-equiv="Content-Type" content="text/html;charset=utf-8" />
  <meta name='ocr-system' content='tesseract 3.04.00' />
  <meta name='ocr-capabilities' content='ocr_page ocr_carea ocr_par ocr_line ocrx_word'/>
</head>
<body>
  <div class='ocr_page' id='page_1' title='image "./panegyricus00lallgoog_0197.png"; bbox 0 0 1951 3720; ppageno 0'>
   <div class='ocr_carea' id='block_1_1' title="bbox 36 302 1519 432">
    <p class='ocr_par' dir='ltr' id='par_1_1' title="bbox 36 294 1519 432">
     <span class='ocr_line' id='line_1_1' title="bbox 36 302 1519 432; baseline 0.007 -37"><span class='ocrx_word' id='word_1_1' title='bbox 36 302 41 411; x_wconf 53' lang='lat' dir='ltr'>l</span> <span class='ocrx_word' id='word_1_2' title='bbox 215 308 1278 404; x_wconf 69' lang='lat' dir='ltr'>‘EpzsrorAE.Lib.V1.</span> <span class='ocrx_word' id='word_1_3' title='bbox 1391 333 1519 432; x_wconf 77' lang='lat'>165</span> 
     </span>
    </p>
   </div>
   <div class='ocr_carea' id='block_1_2' title="bbox 66 444 1541 1832">
    <p class='ocr_par' dir='ltr' id='par_1_2' title="bbox 66 444 1541 1832">
     <span class='ocr_line' id='line_1_2' title="bbox 66 444 1530 519; baseline 0.007 -20"><span class='ocrx_word' id='word_1_4' title='bbox 66 444 339 517; x_wconf 81' lang='lat' dir='ltr'>castigaret</span> <span class='ocrx_word' id='word_1_5' title='bbox 363 449 634 517; x_wconf 62' lang='lat' dir='ltr'>peraQum</span> <span class='ocrx_word' id='word_1_6' title='bbox 660 491 674 513; x_wconf 90' lang='lat'>‚</span> <span class='ocrx_word' id='word_1_7' title='bbox 699 451 782 504; x_wconf 89' lang='lat' dir='ltr'>cui</span> <span class='ocrx_word' id='word_1_8' title='bbox 807 451 1063 519; x_wconf 73' lang='lat' dir='ltr'>potuifl‘et</span> <span class='ocrx_word' id='word_1_9' title='bbox 1093 470 1389 516; x_wconf 79' lang='lat' dir='ltr'>occurrere.</span> <span class='ocrx_word' id='word_1_10' title='bbox 1430 457 1530 509; x_wconf 85' lang='lat' dir='ltr'>Ju-</span> 
     </span>
     <span class='ocr_line' id='line_1_3' title="bbox 67 521 1532 596; baseline 0.007 -25"><span class='ocrx_word' id='word_1_11' title='bbox 67 522 285 573; x_wconf 80' lang='lat' dir='ltr'>ventius</span> <span class='ocrx_word' id='word_1_12' title='bbox 319 521 538 590; x_wconf 89' lang='lat' dir='ltr'>quidem</span> <span class='ocrx_word' id='word_1_13' title='bbox 574 524 757 576; x_wconf 87' lang='lat' dir='ltr'>Celsus</span> <span class='ocrx_word' id='word_1_14' title='bbox 795 540 991 593; x_wconf 82' lang='lat' dir='ltr'>praetor</span> <span class='ocrx_word' id='word_1_15' title='bbox 1012 566 1027 590; x_wconf 85' lang='lat'>‚</span> <span class='ocrx_word' id='word_1_16' title='bbox 1054 541 1321 596; x_wconf 79' lang='lat' dir='ltr'>tamquam</span> <span class='ocrx_word' id='word_1_17' title='bbox 1355 544 1532 581; x_wconf 88' lang='lat' dir='ltr'>emen·</span> 
     </span>
     <span class='ocr_line' id='line_1_4' title="bbox 71 595 1529 658; baseline 0.005 -14"><span class='ocrx_word' id='word_1_18' title='bbox 71 595 310 645; x_wconf 84' lang='lat' dir='ltr'>datorem</span> <span class='ocrx_word' id='word_1_19' title='bbox 356 595 568 648; x_wconf 71' lang='lat' dir='ltr'>senatus</span> <span class='ocrx_word' id='word_1_20' title='bbox 591 636 605 658; x_wconf 89' lang='lat'>‚</span> <span class='ocrx_word' id='word_1_21' title='bbox 649 598 701 649; x_wconf 90' lang='lat'>&amp;</span> <span class='ocrx_word' id='word_1_22' title='bbox 733 600 914 651; x_wconf 88' lang='lat' dir='ltr'>multis</span> <span class='ocrx_word' id='word_1_23' title='bbox 957 600 1010 651; x_wconf 90' lang='lat'>&amp;</span> <span class='ocrx_word' id='word_1_24' title='bbox 1049 601 1398 652; x_wconf 88' lang='lat' dir='ltr'>vehementer</span> <span class='ocrx_word' id='word_1_25' title='bbox 1443 602 1529 652; x_wconf 87' lang='lat' dir='ltr'>in·</span> 
     </span>
     <span class='ocr_line' id='line_1_5' title="bbox 73 667 1523 741; baseline 0.006 -24"><span class='ocrx_word' id='word_1_26' title='bbox 73 667 292 734; x_wconf 87' lang='lat' dir='ltr'>crepuit.</span> <span class='ocrx_word' id='word_1_27' title='bbox 353 668 653 735; x_wconf 80' lang='lat' dir='ltr'>Respondit</span> <span class='ocrx_word' id='word_1_28' title='bbox 700 672 883 738; x_wconf 89' lang='lat' dir='ltr'>Nepos</span> <span class='ocrx_word' id='word_1_29' title='bbox 918 711 933 734; x_wconf 86' lang='lat'>‚</span> <span class='ocrx_word' id='word_1_30' title='bbox 980 673 1260 741; x_wconf 86' lang='lat' dir='ltr'>rursusque</span> <span class='ocrx_word' id='word_1_31' title='bbox 1298 675 1523 727; x_wconf 75' lang='lat' dir='ltr'>Celsust</span> 
     </span>
     <span class='ocr_line' id='line_1_6' title="bbox 73 742 1532 815; baseline 0.005 -25"><span class='ocrx_word' id='word_1_32' title='bbox 73 755 255 791; x_wconf 84' lang='lat' dir='ltr'>neuter</span> <span class='ocrx_word' id='word_1_33' title='bbox 274 742 629 793; x_wconf 83' lang='lat' dir='ltr'>contumeliis</span> <span class='ocrx_word' id='word_1_34' title='bbox 649 744 986 811; x_wconf 82' lang='lat' dir='ltr'>temperavit.</span> <span class='ocrx_word' id='word_1_35' title='bbox 1024 747 1173 797; x_wconf 87' lang='lat' dir='ltr'>Nolo</span> <span class='ocrx_word' id='word_1_36' title='bbox 1194 747 1387 799; x_wconf 86' lang='lat' dir='ltr'>referre</span> <span class='ocrx_word' id='word_1_37' title='bbox 1411 763 1532 815; x_wconf 78' lang='lat' dir='ltr'>quae</span> 
     </span>
     <span class='ocr_line' id='line_1_7' title="bbox 76 812 1533 887; baseline 0.005 -24"><span class='ocrx_word' id='word_1_38' title='bbox 76 812 171 864; x_wconf 87' lang='lat' dir='ltr'>dici</span> <span class='ocrx_word' id='word_1_39' title='bbox 208 814 274 863; x_wconf 88' lang='lat' dir='ltr'>ab</span> <span class='ocrx_word' id='word_1_40' title='bbox 325 813 467 880; x_wconf 87' lang='lat' dir='ltr'>ipsis</span> <span class='ocrx_word' id='word_1_41' title='bbox 509 814 725 867; x_wconf 72' lang='lat' dir='ltr'>moleste</span> <span class='ocrx_word' id='word_1_42' title='bbox 751 817 885 869; x_wconf 86' lang='lat' dir='ltr'>tuli:</span> <span class='ocrx_word' id='word_1_43' title='bbox 920 816 1031 885; x_wconf 80' lang='lat' dir='ltr'>quo</span> <span class='ocrx_word' id='word_1_44' title='bbox 1072 819 1238 887; x_wconf 87' lang='lat' dir='ltr'>magis</span> <span class='ocrx_word' id='word_1_45' title='bbox 1278 821 1533 887; x_wconf 87' lang='lat' dir='ltr'>quosdam</span> 
     </span>
     <span class='ocr_line' id='line_1_8' title="bbox 78 886 1535 958; baseline 0.005 -22"><span class='ocrx_word' id='word_1_46' title='bbox 78 902 101 936; x_wconf 86' lang='lat' dir='ltr'>e</span> <span class='ocrx_word' id='word_1_47' title='bbox 131 902 368 937; x_wconf 86' lang='lat' dir='ltr'>numero</span> <span class='ocrx_word' id='word_1_48' title='bbox 406 886 590 938; x_wconf 87' lang='lat' dir='ltr'>nostro</span> <span class='ocrx_word' id='word_1_49' title='bbox 616 888 915 956; x_wconf 83' lang='lat' dir='ltr'>improbavi</span> <span class='ocrx_word' id='word_1_50' title='bbox 940 929 954 952; x_wconf 88' lang='lat'>,</span> <span class='ocrx_word' id='word_1_51' title='bbox 997 891 1089 958; x_wconf 89' lang='lat' dir='ltr'>qui</span> <span class='ocrx_word' id='word_1_52' title='bbox 1127 891 1292 943; x_wconf 80' lang='lat' dir='ltr'>modo</span> <span class='ocrx_word' id='word_1_53' title='bbox 1321 895 1383 943; x_wconf 90' lang='lat' dir='ltr'>ad</span> <span class='ocrx_word' id='word_1_54' title='bbox 1408 894 1535 944; x_wconf 90' lang='lat' dir='ltr'>Cel-</span> 
     </span>
     <span class='ocr_line' id='line_1_9' title="bbox 79 958 1534 1030; baseline 0.006 -21"><span class='ocrx_word' id='word_1_55' title='bbox 79 959 182 1009; x_wconf 85' lang='lat' dir='ltr'>sum</span> <span class='ocrx_word' id='word_1_56' title='bbox 198 998 213 1021; x_wconf 86' lang='lat'>,</span> <span class='ocrx_word' id='word_1_57' title='bbox 242 958 415 1010; x_wconf 68' lang='lat' dir='ltr'>modo</span> <span class='ocrx_word' id='word_1_58' title='bbox 447 962 512 1011; x_wconf 90' lang='lat' dir='ltr'>ad</span> <span class='ocrx_word' id='word_1_59' title='bbox 533 962 801 1029; x_wconf 87' lang='lat' dir='ltr'>Nepotem</span> <span class='ocrx_word' id='word_1_60' title='bbox 824 1001 838 1025; x_wconf 86' lang='lat'>,</span> <span class='ocrx_word' id='word_1_61' title='bbox 866 977 1026 1030; x_wconf 91' lang='lat' dir='ltr'>prout</span> <span class='ocrx_word' id='word_1_62' title='bbox 1046 963 1133 1014; x_wconf 88' lang='lat' dir='ltr'>hic</span> <span class='ocrx_word' id='word_1_63' title='bbox 1156 967 1246 1017; x_wconf 86' lang='lat' dir='ltr'>vel</span> <span class='ocrx_word' id='word_1_64' title='bbox 1273 965 1363 1016; x_wconf 90' lang='lat' dir='ltr'>ille</span> <span class='ocrx_word' id='word_1_65' title='bbox 1383 964 1534 1018; x_wconf 90' lang='lat' dir='ltr'>dice·</span> 
     </span>
     <span class='ocr_line' id='line_1_10' title="bbox 80 1032 1533 1100; baseline 0.006 -18"><span class='ocrx_word' id='word_1_66' title='bbox 80 1046 149 1083; x_wconf 83' lang='lat' dir='ltr'>ret</span> <span class='ocrx_word' id='word_1_67' title='bbox 187 1071 202 1095; x_wconf 91' lang='lat'>,</span> <span class='ocrx_word' id='word_1_68' title='bbox 256 1032 556 1100; x_wconf 90' lang='lat' dir='ltr'>cupiditate</span> <span class='ocrx_word' id='word_1_69' title='bbox 600 1034 843 1087; x_wconf 88' lang='lat' dir='ltr'>audiendi</span> <span class='ocrx_word' id='word_1_70' title='bbox 880 1036 1201 1088; x_wconf 81' lang='lat' dir='ltr'>cursitabant</span> <span class='ocrx_word' id='word_1_71' title='bbox 1239 1056 1254 1097; x_wconf 82' lang='lat'>3</span> <span class='ocrx_word' id='word_1_72' title='bbox 1298 1038 1351 1089; x_wconf 73' lang='grc' dir='ltr'>ὃ(</span> <span class='ocrx_word' id='word_1_73' title='bbox 1390 1055 1533 1091; x_wconf 86' lang='lat' dir='ltr'>nunc</span> 
     </span>
     <span class='ocr_line' id='line_1_11' title="bbox 81 1104 1534 1180; baseline 0.005 -25"><span class='ocrx_word' id='word_1_74' title='bbox 81 1105 224 1173; x_wconf 81' lang='lat' dir='ltr'>quasi</span> <span class='ocrx_word' id='word_1_75' title='bbox 272 1104 610 1158; x_wconf 87' lang='lat' dir='ltr'>stimularent</span> <span class='ocrx_word' id='word_1_76' title='bbox 666 1108 719 1159; x_wconf 75' lang='grc' dir='ltr'>δι</span> <span class='ocrx_word' id='word_1_77' title='bbox 759 1111 1102 1161; x_wconf 86' lang='lat' dir='ltr'>accenderent</span> <span class='ocrx_word' id='word_1_78' title='bbox 1136 1148 1151 1172; x_wconf 91' lang='lat'><strong>‚</strong></span> <span class='ocrx_word' id='word_1_79' title='bbox 1193 1127 1332 1180; x_wconf 83' lang='lat' dir='ltr'>nunc</span> <span class='ocrx_word' id='word_1_80' title='bbox 1379 1110 1534 1177; x_wconf 86' lang='lat' dir='ltr'>quasi</span> 
     </span>
     <span class='ocr_line' id='line_1_12' title="bbox 81 1179 1535 1250; baseline 0.002 -21"><span class='ocrx_word' id='word_1_81' title='bbox 81 1179 492 1230; x_wconf 85' lang='lat' dir='ltr'>reconciliarent</span> <span class='ocrx_word' id='word_1_82' title='bbox 520 1196 1012 1250; x_wconf 85' lang='lat' dir='ltr'>componerentque</span> <span class='ocrx_word' id='word_1_83' title='bbox 1033 1220 1048 1244; x_wconf 83' lang='lat'>,</span> <span class='ocrx_word' id='word_1_84' title='bbox 1073 1182 1396 1250; x_wconf 69' lang='lat' dir='ltr'>frequentius</span> <span class='ocrx_word' id='word_1_85' title='bbox 1420 1185 1535 1235; x_wconf 48' lang='lat' dir='ltr'>sina</span> 
     </span>
     <span class='ocr_line' id='line_1_13' title="bbox 85 1252 1539 1322; baseline 0.003 -20"><span class='ocrx_word' id='word_1_86' title='bbox 85 1252 213 1320; x_wconf 86' lang='lat' dir='ltr'>gulis</span> <span class='ocrx_word' id='word_1_87' title='bbox 238 1290 253 1314; x_wconf 82' lang='lat'>,</span> <span class='ocrx_word' id='word_1_88' title='bbox 296 1253 559 1304; x_wconf 86' lang='lat' dir='ltr'>ambobus</span> <span class='ocrx_word' id='word_1_89' title='bbox 601 1254 866 1306; x_wconf 89' lang='lat' dir='ltr'>interdurn</span> <span class='ocrx_word' id='word_1_90' title='bbox 900 1255 1199 1322; x_wconf 87' lang='lat' dir='ltr'>propitium</span> <span class='ocrx_word' id='word_1_91' title='bbox 1231 1255 1488 1307; x_wconf 60' lang='lat' dir='ltr'>Caesarem</span> <span class='ocrx_word' id='word_1_92' title='bbox 1520 1294 1539 1319; x_wconf 85' lang='lat'>‚</span> 
     </span>
     <span class='ocr_line' id='line_1_14' title="bbox 87 1325 1535 1395; baseline 0.003 -20"><span class='ocrx_word' id='word_1_93' title='bbox 87 1325 215 1376; x_wconf 80' lang='lat' dir='ltr'>utin</span> <span class='ocrx_word' id='word_1_94' title='bbox 245 1325 461 1377; x_wconf 84' lang='lat' dir='ltr'>ludicro</span> <span class='ocrx_word' id='word_1_95' title='bbox 494 1326 675 1394; x_wconf 89' lang='lat' dir='ltr'>aliquo</span> <span class='ocrx_word' id='word_1_96' title='bbox 698 1366 714 1391; x_wconf 86' lang='lat'>‚</span> <span class='ocrx_word' id='word_1_97' title='bbox 740 1328 1099 1395; x_wconf 87' lang='lat' dir='ltr'>precabantur.</span> <span class='ocrx_word' id='word_1_98' title='bbox 1144 1327 1285 1379; x_wconf 87' lang='lat' dir='ltr'>Mihi</span> <span class='ocrx_word' id='word_1_99' title='bbox 1318 1328 1535 1395; x_wconf 86' lang='lat' dir='ltr'>quidem</span> 
     </span>
     <span class='ocr_line' id='line_1_15' title="bbox 85 1397 1541 1468; baseline 0.003 -20"><span class='ocrx_word' id='word_1_100' title='bbox 85 1397 210 1449; x_wconf 78' lang='lat' dir='ltr'>illud</span> <span class='ocrx_word' id='word_1_101' title='bbox 261 1398 430 1450; x_wconf 88' lang='lat' dir='ltr'>etiam</span> <span class='ocrx_word' id='word_1_102' title='bbox 483 1402 819 1467; x_wconf 87' lang='lat' dir='ltr'>peracerbum</span> <span class='ocrx_word' id='word_1_103' title='bbox 870 1400 971 1452; x_wconf 87' lang='lat' dir='ltr'>fuit</span> <span class='ocrx_word' id='word_1_104' title='bbox 992 1438 1006 1463; x_wconf 83' lang='lat'><strong>‚</strong></span> <span class='ocrx_word' id='word_1_105' title='bbox 1047 1398 1189 1468; x_wconf 77' lang='lat' dir='ltr'>quod</span> <span class='ocrx_word' id='word_1_106' title='bbox 1237 1402 1356 1452; x_wconf 87' lang='lat' dir='ltr'>sunt</span> <span class='ocrx_word' id='word_1_107' title='bbox 1405 1403 1541 1452; x_wconf 84' lang='lat' dir='ltr'>alter</span> 
     </span>
     <span class='ocr_line' id='line_1_16' title="bbox 87 1471 1537 1540; baseline 0.003 -18"><span class='ocrx_word' id='word_1_108' title='bbox 87 1471 235 1523; x_wconf 87' lang='lat' dir='ltr'>alteri</span> <span class='ocrx_word' id='word_1_109' title='bbox 259 1472 393 1540; x_wconf 89' lang='lat' dir='ltr'>quid</span> <span class='ocrx_word' id='word_1_110' title='bbox 416 1487 664 1539; x_wconf 88' lang='lat' dir='ltr'>pararent</span> <span class='ocrx_word' id='word_1_111' title='bbox 694 1473 925 1526; x_wconf 87' lang='lat' dir='ltr'>indicati.</span> <span class='ocrx_word' id='word_1_112' title='bbox 977 1475 1112 1526; x_wconf 87' lang='lat' dir='ltr'>Nam</span> <span class='ocrx_word' id='word_1_113' title='bbox 1142 1474 1194 1525; x_wconf 90' lang='lat'>&amp;</span> <span class='ocrx_word' id='word_1_114' title='bbox 1222 1475 1402 1525; x_wconf 87' lang='lat' dir='ltr'>Celsus</span> <span class='ocrx_word' id='word_1_115' title='bbox 1422 1476 1537 1526; x_wconf 89' lang='lat' dir='ltr'>Ne-</span> 
     </span>
     <span class='ocr_line' id='line_1_17' title="bbox 87 1544 1538 1615; baseline 0.003 -20"><span class='ocrx_word' id='word_1_116' title='bbox 87 1545 201 1611; x_wconf 85' lang='lat' dir='ltr'>poti</span> <span class='ocrx_word' id='word_1_117' title='bbox 240 1562 313 1597; x_wconf 80' lang='lat' dir='ltr'>ex</span> <span class='ocrx_word' id='word_1_118' title='bbox 356 1544 543 1597; x_wconf 89' lang='lat' dir='ltr'>libello</span> <span class='ocrx_word' id='word_1_119' title='bbox 586 1547 896 1614; x_wconf 85' lang='lat' dir='ltr'>respondit,</span> <span class='ocrx_word' id='word_1_120' title='bbox 948 1547 1001 1598; x_wconf 69' lang='grc' dir='ltr'>ὃ(</span> <span class='ocrx_word' id='word_1_121' title='bbox 1047 1547 1204 1598; x_wconf 86' lang='lat' dir='ltr'>Celso</span> <span class='ocrx_word' id='word_1_122' title='bbox 1243 1549 1428 1615; x_wconf 86' lang='lat' dir='ltr'>Nepos</span> <span class='ocrx_word' id='word_1_123' title='bbox 1465 1564 1538 1600; x_wconf 79' lang='lat' dir='ltr'>ex</span> 
     </span>
     <span class='ocr_line' id='line_1_18' title="bbox 86 1618 1540 1687; baseline 0.001 -19"><span class='ocrx_word' id='word_1_124' title='bbox 86 1618 459 1687; x_wconf 84' lang='lat' dir='ltr'>pugillaribus.</span> <span class='ocrx_word' id='word_1_125' title='bbox 497 1618 667 1671; x_wconf 88' lang='lat' dir='ltr'>Tanta</span> <span class='ocrx_word' id='word_1_126' title='bbox 685 1619 980 1687; x_wconf 85' lang='lat' dir='ltr'>loquacitas</span> <span class='ocrx_word' id='word_1_127' title='bbox 1005 1621 1297 1671; x_wconf 85' lang='lat' dir='ltr'>amicorum</span> <span class='ocrx_word' id='word_1_128' title='bbox 1319 1659 1333 1681; x_wconf 89' lang='lat'>‚</span> <span class='ocrx_word' id='word_1_129' title='bbox 1350 1633 1412 1670; x_wconf 88' lang='lat' dir='ltr'>ut</span> <span class='ocrx_word' id='word_1_130' title='bbox 1432 1620 1540 1670; x_wconf 84' lang='lat' dir='ltr'>ho·</span> 
     </span>
     <span class='ocr_line' id='line_1_19' title="bbox 87 1690 1540 1760; baseline 0 -18"><span class='ocrx_word' id='word_1_131' title='bbox 87 1690 260 1743; x_wconf 82' lang='lat' dir='ltr'>mines</span> <span class='ocrx_word' id='word_1_132' title='bbox 297 1690 562 1760; x_wconf 77' lang='lat' dir='ltr'>iurgaturi</span> <span class='ocrx_word' id='word_1_133' title='bbox 593 1692 649 1744; x_wconf 91' lang='lat' dir='ltr'>id</span> <span class='ocrx_word' id='word_1_134' title='bbox 680 1693 854 1760; x_wconf 86' lang='lat' dir='ltr'>ipsum</span> <span class='ocrx_word' id='word_1_135' title='bbox 890 1692 1127 1745; x_wconf 80' lang='lat' dir='ltr'>invicem</span> <span class='ocrx_word' id='word_1_136' title='bbox 1160 1692 1354 1745; x_wconf 87' lang='lat' dir='ltr'>scirent</span> <span class='ocrx_word' id='word_1_137' title='bbox 1373 1730 1387 1756; x_wconf 87' lang='lat'>,</span> <span class='ocrx_word' id='word_1_138' title='bbox 1411 1706 1540 1743; x_wconf 88' lang='lat' dir='ltr'>tam-</span> 
     </span>
     <span class='ocr_line' id='line_1_20' title="bbox 91 1764 875 1832; baseline 0.006 -18"><span class='ocrx_word' id='word_1_139' title='bbox 91 1780 245 1832; x_wconf 87' lang='lat' dir='ltr'>quam</span> <span class='ocrx_word' id='word_1_140' title='bbox 282 1764 677 1819; x_wconf 71' lang='lat' dir='ltr'>convenissent.</span> <span class='ocrx_word' id='word_1_141' title='bbox 718 1766 875 1819; x_wconf 82' lang='lat' dir='ltr'>Vale.</span> 
     </span>
    </p>
   </div>
   <div class='ocr_carea' id='block_1_3' title="bbox 201 1867 1430 1943">
    <p class='ocr_par' dir='ltr' id='par_1_3' title="bbox 201 1867 1430 1943">
     <span class='ocr_line' id='line_1_21' title="bbox 201 1867 1430 1943; baseline 0.002 -4"><span class='ocrx_word' id='word_1_142' title='bbox 201 1889 321 1942; x_wconf 87' lang='lat' dir='ltr'>vl.</span> <span class='ocrx_word' id='word_1_143' title='bbox 364 1867 1140 1942; x_wconf 55' lang='lat' dir='ltr'>szurs&#39;Fuungn-zo</span> <span class='ocrx_word' id='word_1_144' title='bbox 1183 1901 1334 1942; x_wconf 79' lang='lat' dir='ltr'>suo</span> <span class='ocrx_word' id='word_1_145' title='bbox 1375 1889 1430 1943; x_wconf 87' lang='lat' dir='ltr'>S.</span> 
     </span>
    </p>
   </div>
   <div class='ocr_carea' id='block_1_4' title="bbox 95 1982 1567 2204">
    <p class='ocr_par' dir='ltr' id='par_1_4' title="bbox 95 1982 1567 2204">
     <span class='ocr_line' id='line_1_22' title="bbox 95 1982 1566 2057; baseline -0.003 -18"><span class='ocrx_word' id='word_1_146' title='bbox 95 1989 250 2057; x_wconf 76' lang='lat' dir='ltr'>Rogat</span> <span class='ocrx_word' id='word_1_147' title='bbox 274 1986 461 2037; x_wconf 69' lang='lat' dir='ltr'>mature</span> <span class='ocrx_word' id='word_1_148' title='bbox 487 1988 648 2038; x_wconf 75' lang='lat' dir='ltr'>veniat</span> <span class='ocrx_word' id='word_1_149' title='bbox 678 1986 728 2036; x_wconf 82' lang='lat' dir='ltr'>in</span> <span class='ocrx_word' id='word_1_150' title='bbox 747 1985 901 2035; x_wconf 80' lang='lat' dir='ltr'>urbem</span> <span class='ocrx_word' id='word_1_151' title='bbox 919 2020 938 2045; x_wconf 83' lang='lat'>,</span> <span class='ocrx_word' id='word_1_152' title='bbox 950 1983 1127 2053; x_wconf 83' lang='lat' dir='ltr'>suoque</span> <span class='ocrx_word' id='word_1_153' title='bbox 1155 1983 1387 2054; x_wconf 70' lang='lat' dir='ltr'>siff-agio</span> <span class='ocrx_word' id='word_1_154' title='bbox 1406 1982 1566 2057; x_wconf 57' lang='lat' dir='ltr'>J’inf&#39;e‘e⁵</span> 
     </span>
     <span class='ocr_line' id='line_1_23' title="bbox 161 2056 1567 2129; baseline -0.002 -16"><span class='ocrx_word' id='word_1_155' title='bbox 161 2065 368 2113; x_wconf 70' lang='lat' dir='ltr'>honores</span> <span class='ocrx_word' id='word_1_156' title='bbox 402 2062 657 2129; x_wconf 76' lang='lat' dir='ltr'>petiturum</span> <span class='ocrx_word' id='word_1_157' title='bbox 692 2059 869 2113; x_wconf 80' lang='lat' dir='ltr'>Iulium</span> <span class='ocrx_word' id='word_1_158' title='bbox 903 2056 1146 2127; x_wconf 81' lang='lat' dir='ltr'>Nasonem</span> <span class='ocrx_word' id='word_1_159' title='bbox 1166 2094 1183 2116; x_wconf 90' lang='lat'>,</span> <span class='ocrx_word' id='word_1_160' title='bbox 1218 2059 1346 2126; x_wconf 77' lang='lat' dir='ltr'>cujus</span> <span class='ocrx_word' id='word_1_161' title='bbox 1378 2059 1567 2110; x_wconf 68' lang='lat' dir='ltr'>laude&#39;s&#39;</span> 
     </span>
     <span class='ocr_line' id='line_1_24' title="bbox 162 2133 485 2204; baseline 0 -18"><span class='ocrx_word' id='word_1_162' title='bbox 162 2133 485 2204; x_wconf 76' lang='lat' dir='ltr'>persequitur.</span> 
     </span>
    </p>
   </div>
   <div class='ocr_carea' id='block_1_5' title="bbox 101 2247 1569 3011">
    <p class='ocr_par' dir='ltr' id='par_1_5' title="bbox 101 2247 1569 3011">
     <span class='ocr_line' id='line_1_25' title="bbox 107 2247 1569 2352; baseline -0.001 -15"><span class='ocrx_word' id='word_1_163' title='bbox 107 2247 161 2339; x_wconf 83' lang='lat' dir='ltr'>S</span> <span class='ocrx_word' id='word_1_164' title='bbox 181 2297 204 2334; x_wconf 93' lang='lat'>1</span> <span class='ocrx_word' id='word_1_165' title='bbox 249 2283 467 2352; x_wconf 87' lang='lat' dir='ltr'>quando</span> <span class='ocrx_word' id='word_1_166' title='bbox 502 2321 518 2346; x_wconf 85' lang='lat'>,</span> <span class='ocrx_word' id='word_1_167' title='bbox 573 2298 713 2334; x_wconf 87' lang='lat' dir='ltr'>nunc</span> <span class='ocrx_word' id='word_1_168' title='bbox 748 2279 1018 2350; x_wconf 77' lang='lat' dir='ltr'>praecipu&#39;e</span> <span class='ocrx_word' id='word_1_169' title='bbox 1056 2296 1304 2348; x_wconf 87' lang='lat' dir='ltr'>cuperem</span> <span class='ocrx_word' id='word_1_170' title='bbox 1343 2280 1447 2334; x_wconf 80' lang='lat' dir='ltr'>effe</span> <span class='ocrx_word' id='word_1_171' title='bbox 1488 2294 1569 2335; x_wconf 65' lang='lat' dir='ltr'>te&#39;</span> 
     </span>
     <span class='ocr_line' id='line_1_26' title="bbox 101 2354 1545 2426; baseline -0.001 -17"><span class='ocrx_word' id='word_1_172' title='bbox 101 2357 287 2409; x_wconf 82' lang='lat' dir='ltr'>Romae</span> <span class='ocrx_word' id='word_1_173' title='bbox 314 2395 329 2420; x_wconf 90' lang='lat'>‚</span> <span class='ocrx_word' id='word_1_174' title='bbox 371 2358 428 2409; x_wconf 88' lang='lat'>&amp;</span> <span class='ocrx_word' id='word_1_175' title='bbox 455 2355 529 2407; x_wconf 85' lang='lat' dir='ltr'>sis</span> <span class='ocrx_word' id='word_1_176' title='bbox 560 2372 716 2426; x_wconf 74' lang='lat' dir='ltr'>rogo,</span> <span class='ocrx_word' id='word_1_177' title='bbox 756 2354 913 2424; x_wconf 89' lang='lat' dir='ltr'>Opus</span> <span class='ocrx_word' id='word_1_178' title='bbox 943 2354 1016 2406; x_wconf 88' lang='lat' dir='ltr'>est</span> <span class='ocrx_word' id='word_1_179' title='bbox 1046 2354 1180 2405; x_wconf 87' lang='lat' dir='ltr'>mihi</span> <span class='ocrx_word' id='word_1_180' title='bbox 1202 2354 1322 2406; x_wconf 84' lang='lat' dir='ltr'>voti</span> <span class='ocrx_word' id='word_1_181' title='bbox 1348 2393 1363 2417; x_wconf 83' lang='lat'>,</span> <span class='ocrx_word' id='word_1_182' title='bbox 1394 2357 1545 2407; x_wconf 89' lang='lat' dir='ltr'>labo-</span> 
     </span>
     <span class='ocr_line' id='line_1_27' title="bbox 104 2427 1545 2493; baseline -0.001 -11"><span class='ocrx_word' id='word_1_183' title='bbox 104 2429 173 2482; x_wconf 87' lang='lat' dir='ltr'>ris</span> <span class='ocrx_word' id='word_1_184' title='bbox 205 2469 220 2493; x_wconf 83' lang='lat'>,</span> <span class='ocrx_word' id='word_1_185' title='bbox 256 2428 634 2482; x_wconf 85' lang='lat' dir='ltr'>sollicitudinis</span> <span class='ocrx_word' id='word_1_186' title='bbox 686 2428 853 2484; x_wconf 87' lang='lat' dir='ltr'>socio.</span> <span class='ocrx_word' id='word_1_187' title='bbox 902 2427 1042 2480; x_wconf 86' lang='lat' dir='ltr'>Petit</span> <span class='ocrx_word' id='word_1_188' title='bbox 1089 2428 1323 2480; x_wconf 88' lang='lat' dir='ltr'>honores</span> <span class='ocrx_word' id='word_1_189' title='bbox 1370 2428 1545 2482; x_wconf 83' lang='lat' dir='ltr'>Julius</span> 
     </span>
     <span class='ocr_line' id='line_1_28' title="bbox 101 2500 1539 2571; baseline -0.001 -16"><span class='ocrx_word' id='word_1_190' title='bbox 101 2503 281 2555; x_wconf 83' lang='lat' dir='ltr'>Naso:</span> <span class='ocrx_word' id='word_1_191' title='bbox 312 2503 451 2571; x_wconf 87' lang='lat' dir='ltr'>petit</span> <span class='ocrx_word' id='word_1_192' title='bbox 495 2518 614 2554; x_wconf 89' lang='lat' dir='ltr'>cum</span> <span class='ocrx_word' id='word_1_193' title='bbox 657 2502 839 2553; x_wconf 87' lang='lat' dir='ltr'>multis</span> <span class='ocrx_word' id='word_1_194' title='bbox 861 2541 876 2564; x_wconf 87' lang='lat'>‚</span> <span class='ocrx_word' id='word_1_195' title='bbox 924 2517 1046 2552; x_wconf 87' lang='lat' dir='ltr'>cum</span> <span class='ocrx_word' id='word_1_196' title='bbox 1082 2500 1279 2559; x_wconf 82' lang='lat' dir='ltr'>bonis;</span> <span class='ocrx_word' id='word_1_197' title='bbox 1310 2517 1447 2568; x_wconf 89' lang='lat' dir='ltr'>quos</span> <span class='ocrx_word' id='word_1_198' title='bbox 1478 2515 1539 2553; x_wconf 91' lang='lat' dir='ltr'>ut</span> 
     </span>
     <span class='ocr_line' id='line_1_29' title="bbox 106 2574 1547 2648; baseline -0.002 -20"><span class='ocrx_word' id='word_1_199' title='bbox 106 2576 404 2645; x_wconf 82' lang='lat' dir='ltr'>gloriosum</span> <span class='ocrx_word' id='word_1_200' title='bbox 436 2614 451 2639; x_wconf 89' lang='lat'>,</span> <span class='ocrx_word' id='word_1_201' title='bbox 505 2575 582 2628; x_wconf 88' lang='lat' dir='ltr'>sic</span> <span class='ocrx_word' id='word_1_202' title='bbox 626 2574 699 2626; x_wconf 88' lang='lat' dir='ltr'>est</span> <span class='ocrx_word' id='word_1_203' title='bbox 746 2574 956 2626; x_wconf 82' lang='lat' dir='ltr'>difficile</span> <span class='ocrx_word' id='word_1_204' title='bbox 1007 2575 1267 2648; x_wconf 72' lang='lat' dir='ltr'>superare.</span> <span class='ocrx_word' id='word_1_205' title='bbox 1333 2574 1547 2625; x_wconf 85' lang='lat' dir='ltr'>Pendeo</span> 
     </span>
     <span class='ocr_line' id='line_1_30' title="bbox 105 2647 1547 2718; baseline -0.004 -16"><span class='ocrx_word' id='word_1_206' title='bbox 105 2666 235 2718; x_wconf 86' lang='lat' dir='ltr'>ergo</span> <span class='ocrx_word' id='word_1_207' title='bbox 259 2688 276 2711; x_wconf 84' lang='lat'>,</span> <span class='ocrx_word' id='word_1_208' title='bbox 316 2650 371 2701; x_wconf 88' lang='lat'>&amp;</span> <span class='ocrx_word' id='word_1_209' title='bbox 411 2664 703 2711; x_wconf 84' lang='lat' dir='ltr'>exerceor,</span> <span class='ocrx_word' id='word_1_210' title='bbox 738 2647 938 2698; x_wconf 85' lang='lat' dir='ltr'>afficior</span> <span class='ocrx_word' id='word_1_211' title='bbox 971 2660 1119 2698; x_wconf 83' lang='lat' dir='ltr'>metu</span> <span class='ocrx_word' id='word_1_212' title='bbox 1144 2685 1159 2709; x_wconf 84' lang='lat'><strong>‚</strong></span> <span class='ocrx_word' id='word_1_213' title='bbox 1198 2647 1251 2697; x_wconf 75' lang='grc' dir='ltr'>δι</span> <span class='ocrx_word' id='word_1_214' title='bbox 1290 2660 1375 2697; x_wconf 85' lang='lat' dir='ltr'>me</span> <span class='ocrx_word' id='word_1_215' title='bbox 1413 2660 1547 2697; x_wconf 89' lang='lat' dir='ltr'>con-</span> 
     </span>
     <span class='ocr_line' id='line_1_31' title="bbox 107 2718 1549 2774; baseline -0.003 0"><span class='ocrx_word' id='word_1_216' title='bbox 107 2722 332 2774; x_wconf 83' lang='lat' dir='ltr'>sularem</span> <span class='ocrx_word' id='word_1_217' title='bbox 351 2721 456 2774; x_wconf 86' lang='lat' dir='ltr'>effe</span> <span class='ocrx_word' id='word_1_218' title='bbox 479 2739 592 2774; x_wconf 88' lang='lat' dir='ltr'>non</span> <span class='ocrx_word' id='word_1_219' title='bbox 613 2720 803 2773; x_wconf 85' lang='lat' dir='ltr'>sentio.</span> <span class='ocrx_word' id='word_1_220' title='bbox 846 2723 984 2771; x_wconf 86' lang='lat' dir='ltr'>Nam</span> <span class='ocrx_word' id='word_1_221' title='bbox 1003 2720 1176 2771; x_wconf 86' lang='lat' dir='ltr'>rursus</span> <span class='ocrx_word' id='word_1_222' title='bbox 1197 2718 1330 2770; x_wconf 83' lang='lat' dir='ltr'>mihi</span> <span class='ocrx_word' id='word_1_223' title='bbox 1354 2718 1549 2770; x_wconf 78' lang='lat' dir='ltr'>videor</span> 
     </span>
     <span class='ocr_line' id='line_1_32' title="bbox 110 2790 1550 2864; baseline -0.003 -17"><span class='ocrx_word' id='word_1_224' title='bbox 110 2795 354 2847; x_wconf 83' lang='lat' dir='ltr'>omnium</span> <span class='ocrx_word' id='word_1_225' title='bbox 373 2813 494 2864; x_wconf 83' lang='lat' dir='ltr'>quae</span> <span class='ocrx_word' id='word_1_226' title='bbox 513 2793 782 2848; x_wconf 86' lang='lat' dir='ltr'>decucurri</span> <span class='ocrx_word' id='word_1_227' title='bbox 804 2794 1126 2845; x_wconf 89' lang='lat' dir='ltr'>candidatus.</span> <span class='ocrx_word' id='word_1_228' title='bbox 1156 2790 1396 2843; x_wconf 83' lang='lat' dir='ltr'>Meretur</span> <span class='ocrx_word' id='word_1_229' title='bbox 1413 2792 1550 2843; x_wconf 85' lang='lat' dir='ltr'>hanc</span> 
     </span>
     <span class='ocr_line' id='line_1_33' title="bbox 110 2862 1552 2938; baseline -0.002 -19"><span class='ocrx_word' id='word_1_230' title='bbox 110 2884 292 2920; x_wconf 86' lang='lat' dir='ltr'>curam</span> <span class='ocrx_word' id='word_1_231' title='bbox 336 2867 501 2938; x_wconf 73' lang='lat' dir='ltr'>longa</span> <span class='ocrx_word' id='word_1_232' title='bbox 545 2867 653 2919; x_wconf 84' lang='lat' dir='ltr'>mei</span> <span class='ocrx_word' id='word_1_233' title='bbox 690 2866 923 2920; x_wconf 87' lang='lat' dir='ltr'>caritate.</span> <span class='ocrx_word' id='word_1_234' title='bbox 979 2864 1064 2918; x_wconf 79' lang='lat' dir='ltr'>Est</span> <span class='ocrx_word' id='word_1_235' title='bbox 1104 2864 1236 2917; x_wconf 79' lang='lat' dir='ltr'>mihi</span> <span class='ocrx_word' id='word_1_236' title='bbox 1285 2879 1406 2915; x_wconf 88' lang='lat' dir='ltr'>cum</span> <span class='ocrx_word' id='word_1_237' title='bbox 1450 2862 1552 2916; x_wconf 88' lang='lat' dir='ltr'>illo</span> 
     </span>
     <span class='ocr_line' id='line_1_34' title="bbox 113 2934 1554 3011; baseline -0.001 -17"><span class='ocrx_word' id='word_1_238' title='bbox 113 2956 233 2995; x_wconf 85' lang='lat' dir='ltr'>non</span> <span class='ocrx_word' id='word_1_239' title='bbox 281 2941 401 2996; x_wconf 78' lang='lat' dir='ltr'>san&#39;e</span> <span class='ocrx_word' id='word_1_240' title='bbox 454 2956 670 3011; x_wconf 86' lang='lat' dir='ltr'>paterna</span> <span class='ocrx_word' id='word_1_241' title='bbox 717 2939 991 3002; x_wconf 78' lang='lat' dir='ltr'>amicitia3</span> <span class='ocrx_word' id='word_1_242' title='bbox 1028 2956 1200 3011; x_wconf 88' lang='lat' dir='ltr'>neque</span> <span class='ocrx_word' id='word_1_243' title='bbox 1249 2936 1396 2992; x_wconf 83' lang='lat' dir='ltr'>enim</span> <span class='ocrx_word' id='word_1_244' title='bbox 1447 2934 1554 2993; x_wconf 75' lang='lat' dir='ltr'>effe</span> 
     </span>
    </p>
   </div>
  </div>
 </body>
</html>
