1951 3720
332 294 607 363 Epzs
645 311 968 363 ToLAE.
1020 292 1168 365 Lib.
1200 292 1290 363 V.
1431 302 1564 389 143

121 418 236 473 sons
271 416 504 470 nascitur
524 456 539 480 ‚
577 416 846 485 simulque
885 417 1206 470 subducitur.
1259 418 1393 469 Sunt
1431 417 1570 470 locis

127 491 350 560 pluribus
392 491 651 558 disposita
688 490 874 542 sedilia
899 507 928 542 e
968 508 1237 543 marmore
1258 531 1273 555 ‚
1304 509 1421 560 quae
1454 508 1571 542 am-

127 566 385 617 bulatione
420 563 579 616 feffos
602 602 617 625 ,
649 579 711 615 ut
751 563 1052 615 cubiculum
1078 603 1085 612 ,γ
1102 564 1276 632 ipsum
1303 605 1319 628 ‚
1362 564 1573 629 juvant.

128 637 383 690 Fonticuli
427 637 681 689 sedilibus
715 636 992 702 adjacent3
1042 654 1138 705 per
1174 652 1351 689 totum
1397 639 1573 707 hypo·

130 714 363 764 dromum
397 709 628 762 induitis
658 709 846 763 fistulis
881 711 1118 778 strepunt
1148 710 1292 775 rivi,
1335 713 1388 764 &
1410 750 1425 775 ,
1469 709 1576 779 qua

130 801 301 836 manus
330 784 493 836 duxit
525 823 540 846 ‚
574 784 885 852 sequuntur.
930 782 1031 836 His
1054 801 1191 836 nunc
1219 784 1309 836 illa
1339 785 1574 850 viridia,

132 874 259 909 nunc
286 854 433 909 hae‘c:
455 857 726 909 interdum
763 858 923 910 simul
953 858 1137 909 omnia
1170 861 1435 912 lavantur.
1476 859 1577 911 Vi-

133 930 297 984 tafi'em
312 930 624 995 iamdudum
642 971 657 995 ‚
683 948 750 983 ne
772 932 986 983 viderer
1010 931 1248 1001 argutior
1263 972 1277 996 ‚
1314 932 1426 985 nisi
1449 949 1576 1000 pro-

131 1004 409 1073 posuiffem
440 1022 636 1057 omnes
661 1008 884 1075 angulos
905 1019 1079 1058 tecum
1105 1006 1324 1073 epistola
1345 1006 1571 1058 circum-

129 1079 217 1131 ire.
272 1081 468 1149 Neque
508 1080 655 1131 enim
688 1081 939 1144 verebar,
975 1095 1043 1131 ne
1078 1080 1406 1132 laboriosum
1447 1078 1578 1132 effet

132 1153 318 1222 legenti
352 1154 491 1216 tibi,
538 1155 685 1221 quod
716 1152 916 1205 visenti
958 1169 1072 1204 non
1111 1152 1323 1212 fuiss'et3
1366 1153 1580 1221 praeser-

134 1226 222 1277 tim
254 1244 427 1296 quum
469 1226 880 1295 interquiescere
901 1261 915 1290 ‚
954 1226 1003 1279 si
1038 1225 1274 1289 liberet,
1314 1225 1581 1294 deposita-

135 1317 229 1368 que
255 1300 525 1370 epistola,
552 1300 704 1369 quasi
733 1300 963 1352 residere
987 1300 1179 1369 saepius
1215 1299 1414 1369 poss'es.
1450 1299 1583 1351 Prae.

137 1384 284 1426 terea
307 1375 512 1426 indulsi
553 1374 726 1425 amori
760 1390 905 1426 meo.
943 1375 1086 1425 Amo
1110 1373 1292 1437 enim,
1320 1391 1437 1442 quae
1475 1390 1584 1424 ma-

136 1446 273 1499 xima
300 1464 378 1500 ex
413 1461 565 1515 parte
602 1447 714 1516 ipse
739 1446 1025 1511 inchoavi,
1050 1461 1140 1499 aut
1179 1447 1427 1500 inchoata
1466 1463 1585 1515 per-

136 1521 291 1574 colui.
338 1523 406 1572 In
443 1522 648 1574 summa
688 1521 710 1588 (
749 1538 841 1572 cur
869 1521 1018 1573 enim
1054 1538 1168 1572 non
1210 1522 1447 1588 aperiam
1483 1518 1586 1573 tibi

137 1597 221 1646 vel
254 1594 518 1659 iudicium
553 1611 733 1646 meum
762 1597 852 1646 vel
877 1610 1115 1646 errorem
1136 1597 1157 1647 ἓ
1179 1594 1201 1659 )
1225 1593 1456 1661 primum
1479 1607 1585 1663 ego

135 1668 374 1721 officium
417 1668 697 1737 scriptoris
732 1667 983 1719 existimo
1007 1705 1023 1731 ‚
1075 1682 1135 1719 ut
1171 1667 1395 1719 titulum
1435 1666 1589 1719 suum

137 1741 270 1809 legat
286 1780 302 1806 ‚
328 1757 493 1811 atque
513 1742 803 1794 identidem
823 1742 1118 1810 interroget
1135 1741 1189 1793 se
1210 1741 1338 1809 quid
1358 1739 1591 1808 coeperit

137 1813 399 1876 scribere·‚
436 1815 701 1884 sciatque,
733 1816 779 1869 si
818 1815 1054 1868 materiae
1093 1814 1411 1868 immoratur
1430 1853 1445 1877 ‚
1477 1830 1593 1866 non

139 1887 236 1940 effe
272 1891 554 1958 longum3
587 1889 963 1958 longissimum
985 1928 1001 1952 ‚
1045 1888 1092 1941 si
1136 1889 1337 1958 aliquid
1373 1890 1594 1941 arcessit

142 1976 292 2030 atque
332 1961 573 2014 attrahit.
615 1962 784 2013 Vides
820 1976 955 2030 quot
990 1962 1232 2015 versibus
1278 1963 1548 2015 Homerus
1574 2001 1592 2028 ,

143 2051 270 2103 quot
311 2035 589 2106 Virgilius
623 2052 803 2098 arma,
832 2036 922 2087 hic
951 2036 1172 2099 AEneae,
1204 2037 1426 2088 Achillis
1466 2036 1555 2087 ille
1578 2074 1595 2101 ,

145 2110 448 2162 describat:
486 2108 665 2161 brevis
697 2124 876 2161 tamen
904 2124 1129 2178 uterque
1160 2109 1272 2173 est,
1310 2110 1435 2178 quia
1470 2109 1597 2161 facit

143 2186 287 2250 quod
304 2182 560 2236 instituit.
581 2162 750 2234 Vides
770 2198 830 2234 ut
846 2184 1037 2234 Aratus
1048 2182 1412 2236 minutissima
1434 2183 1597 2235 etiam

144 2257 314 2309 sidera
367 2256 701 2309 consedimus
743 2256 796 2308 ὅτ
829 2256 1048 2325 colligat
1086 2296 1101 2320 ‚
1151 2258 1371 2310 modum
1416 2273 1597 2309 tamen

144 2329 341 2384 servat.
386 2332 519 2382 Non
558 2329 703 2382 enim
746 2329 997 2382 excursus
1028 2329 1116 2382 hic
1141 2329 1254 2395 ejus
1276 2371 1291 2395 ‚
1331 2332 1421 2384 sed
1459 2348 1601 2401 opus

145 2401 320 2473 ipsum
380 2403 474 2457 est.
530 2403 792 2456 Similiter
838 2419 940 2455 nos
970 2442 986 2467 ,
1039 2418 1098 2454 ut
1138 2421 1301 2472 parva
1344 2406 1549 2475 magnis
1580 2443 1598 2470 ‚

144 2494 310 2546 quum
349 2491 528 2530 totam
567 2477 755 2529 villam
800 2476 974 2529 oculis
1012 2477 1119 2530 tuis
1161 2476 1413 2543 subjicere
1443 2495 1600 2531 cona-

145 2568 262 2604 mur
283 2591 301 2616 ,
330 2551 382 2604 si
418 2551 556 2603 nihil
593 2550 864 2602 indusium
886 2590 900 2614 ‚
936 2552 989 2602 ὃ(
1009 2550 1160 2619 quasi
1184 2552 1402 2604 devium
1426 2550 1602 2622 loqui·

146 2642 263 2678 mur
284 2665 301 2690 ,
338 2641 459 2677 non
497 2623 863 2692 epistola'quae
898 2623 1144 2676 describit
1164 2664 1179 2688 ‚
1217 2626 1306 2678 sed
1326 2625 1457 2678 villa
1482 2644 1600 2694 quae

145 2699 468 2753 describitur
490 2715 681 2766 magna
699 2697 789 2752 est.
832 2697 1041 2750 Verum
1073 2697 1202 2751 illuc
1223 2738 1237 2762 ,
1257 2700 1396 2751 unde
1419 2699 1565 2767 coepi
1584 2715 1604 2759 ·,

146 2788 212 2824 ne
247 2771 549 2825 secundum
574 2774 748 2841 legem
783 2788 957 2824 meam
990 2770 1103 2836 jure
1138 2773 1489 2841 reprehendar
1508 2811 1524 2835 ,
1556 2768 1606 2824 si

146 2846 377 2915 longior
413 2846 569 2898 fuero
604 2846 662 2897 in
698 2846 802 2896 hoc
826 2885 841 2909 ‚
876 2845 935 2897 in
975 2847 1121 2915 quod
1156 2845 1384 2899 excessi.
1424 2846 1603 2898 Habes

149 2920 334 2974 causas
363 2937 464 2975 cur
494 2936 599 2992 ego
628 2919 833 2974 Tuscos
857 2935 1015 2976 meos
1033 2917 1344 2976 Tusculanis
1363 2957 1380 2986 ,
1416 2918 1608 2983 Tiburs
