<?xml version="1.0" encoding="UTF-8"?>
<!DOCTYPE html PUBLIC "-//W3C//DTD XHTML 1.0 Transitional//EN"
    "http://www.w3.org/TR/xhtml1/DTD/xhtml1-transitional.dtd">
<html xmlns="http://www.w3.org/1999/xhtml" xml:lang="en" lang="en">
 <head>
  <title>
</title>
<meta http-equiv="Content-Type" content="text/html;charset=utf-8" />
  <meta name='ocr-system' content='tesseract 3.04.00' />
  <meta name='ocr-capabilities' content='ocr_page ocr_carea ocr_par ocr_line ocrx_word'/>
</head>
<body>
  <div class='ocr_page' id='page_1' title='image "./panegyricus00lallgoog_0113.png"; bbox 0 0 1951 3720; ppageno 0'>
   <div class='ocr_carea' id='block_1_1' title="bbox 381 334 1572 430">
    <p class='ocr_par' dir='ltr' id='par_1_1' title="bbox 381 334 1572 430">
     <span class='ocr_line' id='line_1_1' title="bbox 381 334 1572 430; baseline 0.002 -26"><span class='ocrx_word' id='word_1_1' title='bbox 381 335 654 404; x_wconf 75' lang='lat' dir='ltr'>Epzs</span> <span class='ocrx_word' id='word_1_2' title='bbox 696 334 1336 406; x_wconf 72' lang='lat' dir='ltr'>ToLAE.Lib.III.</span> <span class='ocrx_word' id='word_1_3' title='bbox 1487 358 1572 430; x_wconf 85' lang='lat'>9¹</span> 
     </span>
    </p>
   </div>
   <div class='ocr_carea' id='block_1_2' title="bbox 227 456 1490 510">
    <p class='ocr_par' dir='ltr' id='par_1_2' title="bbox 227 456 1490 510">
     <span class='ocr_line' id='line_1_2' title="bbox 227 456 1490 510; baseline -0.001 0"><span class='ocrx_word' id='word_1_4' title='bbox 227 457 470 510; x_wconf 86' lang='lat' dir='ltr'>XVIII.</span> <span class='ocrx_word' id='word_1_5' title='bbox 511 456 847 508; x_wconf 62' lang='lat' dir='ltr'>Pin-uus</span> <span class='ocrx_word' id='word_1_6' title='bbox 889 456 1202 508; x_wconf 69' lang='lat' dir='ltr'>Savnno</span> <span class='ocrx_word' id='word_1_7' title='bbox 1247 470 1392 509; x_wconf 80' lang='lat' dir='ltr'>suo</span> <span class='ocrx_word' id='word_1_8' title='bbox 1435 458 1490 510; x_wconf 88' lang='lat' dir='ltr'>S.</span> 
     </span>
    </p>
   </div>
   <div class='ocr_carea' id='block_1_3' title="bbox 157 573 1586 777">
    <p class='ocr_par' dir='ltr' id='par_1_3' title="bbox 157 573 1586 777">
     <span class='ocr_line' id='line_1_3' title="bbox 157 573 1586 646; baseline 0.001 -18"><span class='ocrx_word' id='word_1_9' title='bbox 157 577 421 646; x_wconf 77' lang='lat' dir='ltr'>Panegyrici</span> <span class='ocrx_word' id='word_1_10' title='bbox 442 577 629 627; x_wconf 68' lang='lat' dir='ltr'>uber-itis</span> <span class='ocrx_word' id='word_1_11' title='bbox 655 577 699 626; x_wconf 72' lang='grc' dir='ltr'>ὁ·</span> <span class='ocrx_word' id='word_1_12' title='bbox 716 573 980 643; x_wconf 47' lang='lat' dir='ltr'>spatiosi&amp;</span> <span class='ocrx_word' id='word_1_13' title='bbox 996 612 1013 632; x_wconf 87' lang='lat'>,</span> <span class='ocrx_word' id='word_1_14' title='bbox 1037 578 1171 644; x_wconf 69' lang='lat' dir='ltr'>qutim</span> <span class='ocrx_word' id='word_1_15' title='bbox 1189 583 1241 628; x_wconf 86' lang='lat' dir='ltr'>in</span> <span class='ocrx_word' id='word_1_16' title='bbox 1258 574 1429 644; x_wconf 83' lang='lat' dir='ltr'>senatu</span> <span class='ocrx_word' id='word_1_17' title='bbox 1450 580 1586 630; x_wconf 82' lang='lat' dir='ltr'>dixe-</span> 
     </span>
     <span class='ocr_line' id='line_1_4' title="bbox 216 651 1583 722; baseline 0.003 -22"><span class='ocrx_word' id='word_1_18' title='bbox 216 668 287 701; x_wconf 83' lang='lat' dir='ltr'>rat</span> <span class='ocrx_word' id='word_1_19' title='bbox 309 686 322 709; x_wconf 89' lang='lat'>,</span> <span class='ocrx_word' id='word_1_20' title='bbox 356 653 553 700; x_wconf 78' lang='lat' dir='ltr'>dilatati</span> <span class='ocrx_word' id='word_1_21' title='bbox 582 652 910 701; x_wconf 81' lang='lat' dir='ltr'><em>recitationem</em></span> <span class='ocrx_word' id='word_1_22' title='bbox 931 669 1031 701; x_wconf 81' lang='lat' dir='ltr'>cum</span> <span class='ocrx_word' id='word_1_23' title='bbox 1064 651 1313 720; x_wconf 74' lang='lat' dir='ltr'>voluptate</span> <span class='ocrx_word' id='word_1_24' title='bbox 1338 669 1583 722; x_wconf 75' lang='lat' dir='ltr'>exceptam</span> 
     </span>
     <span class='ocr_line' id='line_1_5' title="bbox 220 727 452 777; baseline 0.017 -4"><span class='ocrx_word' id='word_1_25' title='bbox 220 727 452 777; x_wconf 76' lang='lat' dir='ltr'>denarrat·</span> 
     </span>
    </p>
   </div>
   <div class='ocr_carea' id='block_1_4' title="bbox 153 856 1595 3015">
    <p class='ocr_par' dir='ltr' id='par_1_4' title="bbox 153 856 1595 2633">
     <span class='ocr_line' id='line_1_6' title="bbox 161 856 1584 958; baseline -0.001 -9"><span class='ocrx_word' id='word_1_26' title='bbox 161 856 241 950; x_wconf 84' lang='lat' dir='ltr'>O</span> <span class='ocrx_word' id='word_1_27' title='bbox 262 908 290 945; x_wconf 76' lang='lat' dir='ltr'>F</span> <span class='ocrx_word' id='word_1_28' title='bbox 307 908 336 946; x_wconf 67' lang='grc' dir='ltr'><strong>Ρ</strong></span> <span class='ocrx_word' id='word_1_29' title='bbox 353 907 376 945; x_wconf 84' lang='lat'>1</span> <span class='ocrx_word' id='word_1_30' title='bbox 394 906 429 945; x_wconf 89' lang='lat' dir='ltr'>c</span> <span class='ocrx_word' id='word_1_31' title='bbox 449 907 471 945; x_wconf 92' lang='lat'>1</span> <span class='ocrx_word' id='word_1_32' title='bbox 491 907 536 946; x_wconf 80' lang='grc' dir='ltr'>υ</span> <span class='ocrx_word' id='word_1_33' title='bbox 554 907 606 946; x_wconf 82' lang='grc' dir='ltr'><strong>Μ</strong></span> <span class='ocrx_word' id='word_1_34' title='bbox 631 891 932 946; x_wconf 66' lang='lat' dir='ltr'>consulatus</span> <span class='ocrx_word' id='word_1_35' title='bbox 963 892 1200 958; x_wconf 81' lang='lat' dir='ltr'>injunxit</span> <span class='ocrx_word' id='word_1_36' title='bbox 1222 893 1357 947; x_wconf 78' lang='lat' dir='ltr'>mihi</span> <span class='ocrx_word' id='word_1_37' title='bbox 1385 909 1445 948; x_wconf 86' lang='lat' dir='ltr'>ut</span> <span class='ocrx_word' id='word_1_38' title='bbox 1477 892 1584 947; x_wconf 87' lang='lat' dir='ltr'>rei·</span> 
     </span>
     <span class='ocr_line' id='line_1_7' title="bbox 157 965 1587 1038; baseline 0.002 -21"><span class='ocrx_word' id='word_1_39' title='bbox 157 968 265 1032; x_wconf 86' lang='lat' dir='ltr'>pub.</span> <span class='ocrx_word' id='word_1_40' title='bbox 316 965 544 1020; x_wconf 88' lang='lat' dir='ltr'>nomine</span> <span class='ocrx_word' id='word_1_41' title='bbox 608 967 843 1035; x_wconf 76' lang='lat' dir='ltr'>Principi</span> <span class='ocrx_word' id='word_1_42' title='bbox 897 966 1088 1036; x_wconf 81' lang='lat' dir='ltr'>gratias</span> <span class='ocrx_word' id='word_1_43' title='bbox 1134 984 1393 1038; x_wconf 78' lang='lat' dir='ltr'>agerem3</span> <span class='ocrx_word' id='word_1_44' title='bbox 1441 968 1587 1037; x_wconf 79' lang='lat' dir='ltr'>quod</span> 
     </span>
     <span class='ocr_line' id='line_1_8' title="bbox 155 1039 1586 1109; baseline 0.002 -19"><span class='ocrx_word' id='word_1_45' title='bbox 155 1054 244 1107; x_wconf 87' lang='lat' dir='ltr'>ego</span> <span class='ocrx_word' id='word_1_46' title='bbox 296 1039 350 1091; x_wconf 88' lang='lat' dir='ltr'>in</span> <span class='ocrx_word' id='word_1_47' title='bbox 405 1040 592 1092; x_wconf 85' lang='lat' dir='ltr'>senatu</span> <span class='ocrx_word' id='word_1_48' title='bbox 646 1055 810 1109; x_wconf 87' lang='lat' dir='ltr'>quum</span> <span class='ocrx_word' id='word_1_49' title='bbox 865 1042 929 1092; x_wconf 84' lang='lat' dir='ltr'>ad</span> <span class='ocrx_word' id='word_1_50' title='bbox 970 1039 1237 1093; x_wconf 84' lang='lat' dir='ltr'>rationem</span> <span class='ocrx_word' id='word_1_51' title='bbox 1281 1043 1333 1094; x_wconf 72' lang='grc' dir='ltr'>δι</span> <span class='ocrx_word' id='word_1_52' title='bbox 1382 1042 1488 1094; x_wconf 90' lang='lat' dir='ltr'>loci</span> <span class='ocrx_word' id='word_1_53' title='bbox 1533 1041 1586 1093; x_wconf 78' lang='lat'>&amp;</span> 
     </span>
     <span class='ocr_line' id='line_1_9' title="bbox 157 1111 1588 1180; baseline 0.002 -17"><span class='ocrx_word' id='word_1_54' title='bbox 157 1113 399 1180; x_wconf 83' lang='lat' dir='ltr'>temporis</span> <span class='ocrx_word' id='word_1_55' title='bbox 440 1129 512 1165; x_wconf 85' lang='lat' dir='ltr'>ex</span> <span class='ocrx_word' id='word_1_56' title='bbox 550 1129 701 1166; x_wconf 86' lang='lat' dir='ltr'>more</span> <span class='ocrx_word' id='word_1_57' title='bbox 742 1111 972 1166; x_wconf 77' lang='lat' dir='ltr'>fecifl‘em</span> <span class='ocrx_word' id='word_1_58' title='bbox 996 1150 1010 1177; x_wconf 86' lang='lat'>‚</span> <span class='ocrx_word' id='word_1_59' title='bbox 1055 1114 1201 1166; x_wconf 83' lang='lat' dir='ltr'>hono</span> <span class='ocrx_word' id='word_1_60' title='bbox 1239 1114 1349 1166; x_wconf 83' lang='lat' dir='ltr'>civi</span> <span class='ocrx_word' id='word_1_61' title='bbox 1388 1129 1588 1167; x_wconf 85' lang='lat' dir='ltr'>conve-</span> 
     </span>
     <span class='ocr_line' id='line_1_10' title="bbox 154 1184 1586 1255; baseline 0.002 -20"><span class='ocrx_word' id='word_1_62' title='bbox 154 1184 539 1239; x_wconf 85' lang='lat' dir='ltr'>nientissimum</span> <span class='ocrx_word' id='word_1_63' title='bbox 579 1184 819 1249; x_wconf 80' lang='lat' dir='ltr'>credidi,</span> <span class='ocrx_word' id='word_1_64' title='bbox 856 1187 1049 1238; x_wconf 79' lang='lat' dir='ltr'>eadem·</span> <span class='ocrx_word' id='word_1_65' title='bbox 1075 1184 1169 1238; x_wconf 86' lang='lat' dir='ltr'>illa</span> <span class='ocrx_word' id='word_1_66' title='bbox 1204 1185 1488 1255; x_wconf 74' lang='lat' dir='ltr'>spatiosius</span> <span class='ocrx_word' id='word_1_67' title='bbox 1533 1186 1586 1238; x_wconf 68' lang='lat' dir='ltr'>St</span> 
     </span>
     <span class='ocr_line' id='line_1_11' title="bbox 154 1257 1587 1327; baseline 0.001 -18"><span class='ocrx_word' id='word_1_68' title='bbox 154 1257 350 1311; x_wconf 74' lang='lat' dir='ltr'>uberius</span> <span class='ocrx_word' id='word_1_69' title='bbox 401 1258 687 1312; x_wconf 82' lang='lat' dir='ltr'>volumine</span> <span class='ocrx_word' id='word_1_70' title='bbox 727 1257 1016 1327; x_wconf 63' lang='lat' dir='ltr'>amplecii:</span> <span class='ocrx_word' id='word_1_71' title='bbox 1048 1257 1281 1326; x_wconf 76' lang='lat' dir='ltr'>primum</span> <span class='ocrx_word' id='word_1_72' title='bbox 1316 1273 1376 1311; x_wconf 88' lang='lat' dir='ltr'>ut</span> <span class='ocrx_word' id='word_1_73' title='bbox 1413 1258 1587 1326; x_wconf 88' lang='lat' dir='ltr'>impe-</span> 
     </span>
     <span class='ocr_line' id='line_1_12' title="bbox 154 1330 1585 1386; baseline 0 -3"><span class='ocrx_word' id='word_1_74' title='bbox 154 1331 301 1383; x_wconf 82' lang='lat' dir='ltr'>ratori</span> <span class='ocrx_word' id='word_1_75' title='bbox 340 1332 528 1386; x_wconf 84' lang='lat' dir='ltr'>nostro</span> <span class='ocrx_word' id='word_1_76' title='bbox 562 1332 792 1385; x_wconf 82' lang='lat' dir='ltr'>virtutes</span> <span class='ocrx_word' id='word_1_77' title='bbox 827 1331 931 1384; x_wconf 78' lang='lat' dir='ltr'>suae</span> <span class='ocrx_word' id='word_1_78' title='bbox 971 1331 1118 1385; x_wconf 76' lang='lat' dir='ltr'>veris</span> <span class='ocrx_word' id='word_1_79' title='bbox 1154 1330 1390 1385; x_wconf 79' lang='lat' dir='ltr'>laudibus</span> <span class='ocrx_word' id='word_1_80' title='bbox 1431 1347 1585 1384; x_wconf 88' lang='lat' dir='ltr'>com-</span> 
     </span>
     <span class='ocr_line' id='line_1_13' title="bbox 154 1403 1589 1473; baseline 0.001 -17"><span class='ocrx_word' id='word_1_81' title='bbox 154 1407 512 1459; x_wconf 86' lang='lat' dir='ltr'>mendarentur</span> <span class='ocrx_word' id='word_1_82' title='bbox 541 1423 554 1458; x_wconf 74' lang='grc' dir='ltr'>ε</span> <span class='ocrx_word' id='word_1_83' title='bbox 594 1404 782 1458; x_wconf 83' lang='lat' dir='ltr'>deinde</span> <span class='ocrx_word' id='word_1_84' title='bbox 833 1417 893 1459; x_wconf 81' lang='lat' dir='ltr'>ut</span> <span class='ocrx_word' id='word_1_85' title='bbox 937 1403 1103 1458; x_wconf 78' lang='lat' dir='ltr'>futuri</span> <span class='ocrx_word' id='word_1_86' title='bbox 1145 1403 1416 1473; x_wconf 79' lang='lat' dir='ltr'>principes</span> <span class='ocrx_word' id='word_1_87' title='bbox 1473 1419 1589 1457; x_wconf 83' lang='lat' dir='ltr'>non</span> 
     </span>
     <span class='ocr_line' id='line_1_14' title="bbox 155 1477 1592 1549; baseline -0.001 -18"><span class='ocrx_word' id='word_1_88' title='bbox 155 1479 288 1546; x_wconf 82' lang='lat' dir='ltr'>quasi</span> <span class='ocrx_word' id='word_1_89' title='bbox 319 1496 349 1531; x_wconf 87' lang='lat' dir='ltr'>a</span> <span class='ocrx_word' id='word_1_90' title='bbox 381 1477 632 1549; x_wconf 86' lang='lat' dir='ltr'>magistro</span> <span class='ocrx_word' id='word_1_91' title='bbox 654 1516 671 1541; x_wconf 86' lang='lat'>,</span> <span class='ocrx_word' id='word_1_92' title='bbox 710 1477 800 1531; x_wconf 89' lang='lat' dir='ltr'>sed</span> <span class='ocrx_word' id='word_1_93' title='bbox 833 1491 1013 1531; x_wconf 86' lang='lat' dir='ltr'>tamen</span> <span class='ocrx_word' id='word_1_94' title='bbox 1041 1478 1133 1530; x_wconf 84' lang='lat' dir='ltr'>sub</span> <span class='ocrx_word' id='word_1_95' title='bbox 1168 1480 1421 1546; x_wconf 79' lang='lat' dir='ltr'>exemplo</span> <span class='ocrx_word' id='word_1_96' title='bbox 1459 1493 1592 1546; x_wconf 69' lang='lat' dir='ltr'>pra-</span> 
     </span>
     <span class='ocr_line' id='line_1_15' title="bbox 155 1549 1589 1620; baseline 0.001 -18"><span class='ocrx_word' id='word_1_97' title='bbox 155 1564 486 1606; x_wconf 85' lang='lat' dir='ltr'>monerentur</span> <span class='ocrx_word' id='word_1_98' title='bbox 509 1591 525 1616; x_wconf 87' lang='lat'>‚</span> <span class='ocrx_word' id='word_1_99' title='bbox 562 1551 666 1620; x_wconf 71' lang='lat' dir='ltr'>qua</span> <span class='ocrx_word' id='word_1_100' title='bbox 717 1549 1059 1619; x_wconf 74' lang='lat' dir='ltr'>potissimum</span> <span class='ocrx_word' id='word_1_101' title='bbox 1111 1550 1203 1603; x_wconf 67' lang='lat' dir='ltr'>via</span> <span class='ocrx_word' id='word_1_102' title='bbox 1259 1550 1468 1619; x_wconf 83' lang='lat' dir='ltr'>pofl’ent</span> <span class='ocrx_word' id='word_1_103' title='bbox 1522 1553 1589 1603; x_wconf 85' lang='lat' dir='ltr'>ad</span> 
     </span>
     <span class='ocr_line' id='line_1_16' title="bbox 153 1622 1589 1709; baseline 0.001 -33"><span class='ocrx_word' id='word_1_104' title='bbox 153 1627 377 1678; x_wconf 83' lang='lat' dir='ltr'>eamdem</span> <span class='ocrx_word' id='word_1_105' title='bbox 430 1626 658 1709; x_wconf 80' lang='lat' dir='ltr'>gloriam</span> <span class='ocrx_word' id='word_1_106' title='bbox 703 1624 824 1678; x_wconf 86' lang='lat' dir='ltr'>niti.</span> <span class='ocrx_word' id='word_1_107' title='bbox 883 1626 1021 1677; x_wconf 87' lang='lat' dir='ltr'>Nam</span> <span class='ocrx_word' id='word_1_108' title='bbox 1074 1622 1361 1693; x_wconf 64' lang='lat' dir='ltr'>precipere</span> <span class='ocrx_word' id='word_1_109' title='bbox 1412 1624 1589 1692; x_wconf 72' lang='lat' dir='ltr'>qualis</span> 
     </span>
     <span class='ocr_line' id='line_1_17' title="bbox 155 1696 1590 1768; baseline 0 -18"><span class='ocrx_word' id='word_1_110' title='bbox 155 1697 247 1751; x_wconf 81' lang='lat' dir='ltr'>effe</span> <span class='ocrx_word' id='word_1_111' title='bbox 270 1701 456 1752; x_wconf 86' lang='lat' dir='ltr'>debeat</span> <span class='ocrx_word' id='word_1_112' title='bbox 480 1699 728 1768; x_wconf 79' lang='lat' dir='ltr'>princeps</span> <span class='ocrx_word' id='word_1_113' title='bbox 752 1698 1032 1767; x_wconf 85' lang='lat' dir='ltr'>pulchrum</span> <span class='ocrx_word' id='word_1_114' title='bbox 1061 1698 1314 1765; x_wconf 82' lang='lat' dir='ltr'>quidem,</span> <span class='ocrx_word' id='word_1_115' title='bbox 1351 1696 1441 1749; x_wconf 86' lang='lat' dir='ltr'>sed</span> <span class='ocrx_word' id='word_1_116' title='bbox 1464 1713 1590 1750; x_wconf 86' lang='lat' dir='ltr'>one·</span> 
     </span>
     <span class='ocr_line' id='line_1_18' title="bbox 156 1768 1589 1842; baseline 0.001 -20"><span class='ocrx_word' id='word_1_117' title='bbox 156 1772 317 1826; x_wconf 83' lang='lat' dir='ltr'>rosum</span> <span class='ocrx_word' id='word_1_118' title='bbox 350 1812 366 1837; x_wconf 87' lang='lat'>‚</span> <span class='ocrx_word' id='word_1_119' title='bbox 417 1789 477 1826; x_wconf 87' lang='lat' dir='ltr'>ac</span> <span class='ocrx_word' id='word_1_120' title='bbox 512 1770 684 1842; x_wconf 72' lang='lat' dir='ltr'>prope</span> <span class='ocrx_word' id='word_1_121' title='bbox 725 1771 1007 1840; x_wconf 84' lang='lat' dir='ltr'>superbum</span> <span class='ocrx_word' id='word_1_122' title='bbox 1041 1769 1157 1823; x_wconf 75' lang='lat' dir='ltr'>estt</span> <span class='ocrx_word' id='word_1_123' title='bbox 1202 1770 1411 1823; x_wconf 83' lang='lat' dir='ltr'>laudare</span> <span class='ocrx_word' id='word_1_124' title='bbox 1449 1768 1589 1824; x_wconf 77' lang='lat' dir='ltr'>vero</span> 
     </span>
     <span class='ocr_line' id='line_1_19' title="bbox 156 1842 1591 1916; baseline -0.001 -18"><span class='ocrx_word' id='word_1_125' title='bbox 156 1846 410 1915; x_wconf 85' lang='lat' dir='ltr'>optimum</span> <span class='ocrx_word' id='word_1_126' title='bbox 439 1845 778 1916; x_wconf 84' lang='lat' dir='ltr'>principem,</span> <span class='ocrx_word' id='word_1_127' title='bbox 814 1862 872 1899; x_wconf 88' lang='lat' dir='ltr'>ac</span> <span class='ocrx_word' id='word_1_128' title='bbox 894 1862 991 1914; x_wconf 89' lang='lat' dir='ltr'>per</span> <span class='ocrx_word' id='word_1_129' title='bbox 1010 1844 1116 1898; x_wconf 85' lang='lat' dir='ltr'>hoc</span> <span class='ocrx_word' id='word_1_130' title='bbox 1135 1842 1399 1914; x_wconf 84' lang='lat' dir='ltr'>posteris,</span> <span class='ocrx_word' id='word_1_131' title='bbox 1435 1844 1591 1897; x_wconf 80' lang='lat' dir='ltr'>velut</span> 
     </span>
     <span class='ocr_line' id='line_1_20' title="bbox 157 1917 1593 2004; baseline -0.001 -31"><span class='ocrx_word' id='word_1_132' title='bbox 157 1936 182 1973; x_wconf 88' lang='lat' dir='ltr'>e</span> <span class='ocrx_word' id='word_1_133' title='bbox 199 1920 431 1990; x_wconf 82' lang='lat' dir='ltr'>specula,</span> <span class='ocrx_word' id='word_1_134' title='bbox 449 1923 634 1974; x_wconf 86' lang='lat' dir='ltr'>lumen</span> <span class='ocrx_word' id='word_1_135' title='bbox 653 1921 799 1989; x_wconf 83' lang='lat' dir='ltr'>quod</span> <span class='ocrx_word' id='word_1_136' title='bbox 821 1920 1106 2004; x_wconf 79' lang='lat' dir='ltr'>sequantur</span> <span class='ocrx_word' id='word_1_137' title='bbox 1122 1917 1423 1982; x_wconf 80' lang='lat' dir='ltr'>ostendere,</span> <span class='ocrx_word' id='word_1_138' title='bbox 1445 1917 1593 1971; x_wconf 81' lang='lat' dir='ltr'>idem</span> 
     </span>
     <span class='ocr_line' id='line_1_21' title="bbox 157 1991 1590 2063; baseline 0 -19"><span class='ocrx_word' id='word_1_139' title='bbox 157 1993 388 2048; x_wconf 81' lang='lat' dir='ltr'>utilitatis</span> <span class='ocrx_word' id='word_1_140' title='bbox 430 1995 587 2047; x_wconf 85' lang='lat' dir='ltr'>habet</span> <span class='ocrx_word' id='word_1_141' title='bbox 607 2033 622 2058; x_wconf 83' lang='lat'>‚</span> <span class='ocrx_word' id='word_1_142' title='bbox 667 1992 984 2063; x_wconf 69' lang='lat' dir='ltr'>arrogantiae</span> <span class='ocrx_word' id='word_1_143' title='bbox 1024 1991 1181 2045; x_wconf 83' lang='lat' dir='ltr'>nihil.</span> <span class='ocrx_word' id='word_1_144' title='bbox 1241 1992 1376 2061; x_wconf 86' lang='lat' dir='ltr'>Cepi</span> <span class='ocrx_word' id='word_1_145' title='bbox 1410 2003 1590 2045; x_wconf 86' lang='lat' dir='ltr'>autem</span> 
     </span>
     <span class='ocr_line' id='line_1_22' title="bbox 158 2063 1591 2136; baseline -0.001 -17"><span class='ocrx_word' id='word_1_146' title='bbox 158 2082 256 2119; x_wconf 83' lang='lat' dir='ltr'>non</span> <span class='ocrx_word' id='word_1_147' title='bbox 290 2068 621 2121; x_wconf 87' lang='lat' dir='ltr'>mediocrem</span> <span class='ocrx_word' id='word_1_148' title='bbox 656 2068 995 2136; x_wconf 86' lang='lat' dir='ltr'>voluptatem</span> <span class='ocrx_word' id='word_1_149' title='bbox 1015 2104 1032 2128; x_wconf 81' lang='lat'><strong>‚</strong></span> <span class='ocrx_word' id='word_1_150' title='bbox 1058 2063 1205 2134; x_wconf 78' lang='lat' dir='ltr'>quod</span> <span class='ocrx_word' id='word_1_151' title='bbox 1231 2065 1373 2119; x_wconf 84' lang='lat' dir='ltr'>hunc</span> <span class='ocrx_word' id='word_1_152' title='bbox 1393 2065 1591 2117; x_wconf 86' lang='lat' dir='ltr'>librum</span> 
     </span>
     <span class='ocr_line' id='line_1_23' title="bbox 159 2137 1593 2208; baseline -0.003 -14"><span class='ocrx_word' id='word_1_153' title='bbox 159 2155 309 2208; x_wconf 81' lang='lat' dir='ltr'>quum</span> <span class='ocrx_word' id='word_1_154' title='bbox 345 2140 535 2194; x_wconf 87' lang='lat' dir='ltr'>amicis</span> <span class='ocrx_word' id='word_1_155' title='bbox 569 2140 793 2194; x_wconf 86' lang='lat' dir='ltr'>recitare</span> <span class='ocrx_word' id='word_1_156' title='bbox 813 2137 1101 2193; x_wconf 77' lang='lat' dir='ltr'>voluifi‘em</span> <span class='ocrx_word' id='word_1_157' title='bbox 1126 2177 1142 2203; x_wconf 83' lang='lat'>,</span> <span class='ocrx_word' id='word_1_158' title='bbox 1184 2154 1298 2191; x_wconf 86' lang='grc' dir='ltr'>ιιοιι</span> <span class='ocrx_word' id='word_1_159' title='bbox 1318 2154 1415 2208; x_wconf 88' lang='lat' dir='ltr'>pet·</span> <span class='ocrx_word' id='word_1_160' title='bbox 1447 2138 1593 2191; x_wconf 87' lang='lat' dir='ltr'>codi-</span> 
     </span>
     <span class='ocr_line' id='line_1_24' title="bbox 159 2209 1595 2283; baseline 0 -19"><span class='ocrx_word' id='word_1_161' title='bbox 159 2212 303 2268; x_wconf 82' lang='lat' dir='ltr'>cillos</span> <span class='ocrx_word' id='word_1_162' title='bbox 323 2254 340 2278; x_wconf 91' lang='lat'><strong>‚</strong></span> <span class='ocrx_word' id='word_1_163' title='bbox 366 2231 480 2269; x_wconf 88' lang='lat' dir='ltr'>non</span> <span class='ocrx_word' id='word_1_164' title='bbox 501 2230 596 2283; x_wconf 85' lang='lat' dir='ltr'>per</span> <span class='ocrx_word' id='word_1_165' title='bbox 613 2213 823 2267; x_wconf 84' lang='lat' dir='ltr'>libellos</span> <span class='ocrx_word' id='word_1_166' title='bbox 840 2252 855 2277; x_wconf 84' lang='lat'>‚</span> <span class='ocrx_word' id='word_1_167' title='bbox 880 2212 971 2266; x_wconf 85' lang='lat' dir='ltr'>sed</span> <span class='ocrx_word' id='word_1_168' title='bbox 987 2212 1036 2265; x_wconf 87' lang='lat' dir='ltr'>si</span> <span class='ocrx_word' id='word_1_169' title='bbox 1058 2213 1403 2265; x_wconf 81' lang='lat' dir='ltr'>commodum</span> <span class='ocrx_word' id='word_1_170' title='bbox 1421 2209 1551 2265; x_wconf 79' lang='lat' dir='ltr'>effet</span> <span class='ocrx_word' id='word_1_171' title='bbox 1575 2249 1595 2275; x_wconf 82' lang='grc'>,</span> 
     </span>
     <span class='ocr_line' id='line_1_25' title="bbox 160 2286 1589 2355; baseline -0.001 -16"><span class='ocrx_word' id='word_1_172' title='bbox 160 2286 208 2339; x_wconf 74' lang='grc' dir='ltr'>δι</span> <span class='ocrx_word' id='word_1_173' title='bbox 226 2288 273 2341; x_wconf 84' lang='lat' dir='ltr'>si</span> <span class='ocrx_word' id='word_1_174' title='bbox 301 2291 457 2341; x_wconf 86' lang='lat' dir='ltr'>valde</span> <span class='ocrx_word' id='word_1_175' title='bbox 480 2302 694 2341; x_wconf 80' lang='lat' dir='ltr'>vacaret</span> <span class='ocrx_word' id='word_1_176' title='bbox 709 2326 725 2351; x_wconf 83' lang='lat'>‚</span> <span class='ocrx_word' id='word_1_177' title='bbox 745 2286 1051 2354; x_wconf 86' lang='lat' dir='ltr'>admoniti(</span> <span class='ocrx_word' id='word_1_178' title='bbox 1075 2301 1365 2354; x_wconf 82' lang='lat' dir='ltr'>numquam</span> <span class='ocrx_word' id='word_1_179' title='bbox 1383 2300 1551 2355; x_wconf 83' lang='lat' dir='ltr'>porro</span> <span class='ocrx_word' id='word_1_180' title='bbox 1574 2322 1589 2347; x_wconf 82' lang='grc'><em>,</em></span> 
     </span>
     <span class='ocr_line' id='line_1_26' title="bbox 159 2359 1591 2425; baseline -0.001 -13"><span class='ocrx_word' id='word_1_181' title='bbox 159 2374 237 2413; x_wconf 82' lang='lat' dir='ltr'>aut</span> <span class='ocrx_word' id='word_1_182' title='bbox 270 2363 424 2414; x_wconf 81' lang='lat' dir='ltr'>valde</span> <span class='ocrx_word' id='word_1_183' title='bbox 459 2359 581 2414; x_wconf 80' lang='lat' dir='ltr'>raro</span> <span class='ocrx_word' id='word_1_184' title='bbox 602 2400 617 2425; x_wconf 86' lang='lat'>,</span> <span class='ocrx_word' id='word_1_185' title='bbox 653 2374 809 2414; x_wconf 86' lang='lat' dir='ltr'>vacat</span> <span class='ocrx_word' id='word_1_186' title='bbox 849 2360 1040 2413; x_wconf 66' lang='lat' dir='ltr'>Romae</span> <span class='ocrx_word' id='word_1_187' title='bbox 1062 2397 1078 2423; x_wconf 84' lang='lat'>,</span> <span class='ocrx_word' id='word_1_188' title='bbox 1120 2373 1209 2413; x_wconf 90' lang='lat' dir='ltr'>aut</span> <span class='ocrx_word' id='word_1_189' title='bbox 1245 2360 1591 2413; x_wconf 81' lang='lat' dir='ltr'>commodum</span> 
     </span>
     <span class='ocr_line' id='line_1_27' title="bbox 158 2431 1594 2500; baseline -0.001 -15"><span class='ocrx_word' id='word_1_190' title='bbox 158 2432 223 2485; x_wconf 80' lang='lat' dir='ltr'>est</span> <span class='ocrx_word' id='word_1_191' title='bbox 259 2434 435 2488; x_wconf 85' lang='lat' dir='ltr'>audire</span> <span class='ocrx_word' id='word_1_192' title='bbox 476 2432 830 2499; x_wconf 80' lang='lat' dir='ltr'>recitantem)</span> <span class='ocrx_word' id='word_1_193' title='bbox 859 2431 1174 2486; x_wconf 73' lang='lat' dir='ltr'>foedissimis</span> <span class='ocrx_word' id='word_1_194' title='bbox 1214 2432 1425 2500; x_wconf 81' lang='lat' dir='ltr'>insuper</span> <span class='ocrx_word' id='word_1_195' title='bbox 1458 2447 1594 2485; x_wconf 84' lang='lat' dir='ltr'>tem·</span> 
     </span>
     <span class='ocr_line' id='line_1_28' title="bbox 159 2505 1595 2629; baseline 0 -72"><span class='ocrx_word' id='word_1_196' title='bbox 159 2505 427 2573; x_wconf 81' lang='lat' dir='ltr'>pestatibus</span> <span class='ocrx_word' id='word_1_197' title='bbox 476 2524 571 2575; x_wconf 84' lang='lat' dir='ltr'>per</span> <span class='ocrx_word' id='word_1_198' title='bbox 620 2507 837 2559; x_wconf 86' lang='lat' dir='ltr'>biduum</span> <span class='ocrx_word' id='word_1_199' title='bbox 876 2520 1283 2589; x_wconf 72' lang='lat' dir='ltr'>convenerunt3</span> <span class='ocrx_word' id='word_1_200' title='bbox 1320 2523 1483 2575; x_wconf 88' lang='lat' dir='ltr'>quum</span> <span class='ocrx_word' id='word_1_201' title='bbox 1538 2521 1595 2629; x_wconf 86' lang='lat' dir='ltr'>te</span> 
     </span>
     <span class='ocr_line' id='line_1_29' title="bbox 161 2578 1534 2633; baseline 0.001 -4"><span class='ocrx_word' id='word_1_202' title='bbox 161 2580 399 2633; x_wconf 87' lang='lat' dir='ltr'>modestia</span> <span class='ocrx_word' id='word_1_203' title='bbox 431 2597 549 2633; x_wconf 89' lang='lat' dir='ltr'>mea</span> <span class='ocrx_word' id='word_1_204' title='bbox 577 2578 742 2632; x_wconf 86' lang='lat' dir='ltr'>finem</span> <span class='ocrx_word' id='word_1_205' title='bbox 763 2578 1070 2633; x_wconf 84' lang='lat' dir='ltr'>recitationi</span> <span class='ocrx_word' id='word_1_206' title='bbox 1108 2580 1276 2633; x_wconf 86' lang='lat' dir='ltr'>facere</span> <span class='ocrx_word' id='word_1_207' title='bbox 1307 2578 1534 2631; x_wconf 85' lang='lat' dir='ltr'>voluie</span> 
     </span>
    </p>

    <p class='ocr_par' dir='ltr' id='par_1_5' title="bbox 159 2651 1595 3015">
     <span class='ocr_line' id='line_1_30' title="bbox 161 2651 1595 2723; baseline 0.001 -21"><span class='ocrx_word' id='word_1_208' title='bbox 161 2665 213 2702; x_wconf 85' lang='lat' dir='ltr'>ut</span> <span class='ocrx_word' id='word_1_209' title='bbox 231 2652 506 2718; x_wconf 80' lang='lat' dir='ltr'>adjicerem</span> <span class='ocrx_word' id='word_1_210' title='bbox 526 2653 744 2706; x_wconf 86' lang='lat' dir='ltr'>tertium</span> <span class='ocrx_word' id='word_1_211' title='bbox 770 2653 914 2706; x_wconf 88' lang='lat' dir='ltr'>diem</span> <span class='ocrx_word' id='word_1_212' title='bbox 933 2667 1245 2723; x_wconf 80' lang='lat' dir='ltr'>exegerunt.</span> <span class='ocrx_word' id='word_1_213' title='bbox 1285 2651 1425 2705; x_wconf 89' lang='lat' dir='ltr'>Mihi</span> <span class='ocrx_word' id='word_1_214' title='bbox 1449 2652 1595 2703; x_wconf 86' lang='lat' dir='ltr'>hunc</span> 
     </span>
     <span class='ocr_line' id='line_1_31' title="bbox 159 2722 1592 2794; baseline 0 -19"><span class='ocrx_word' id='word_1_215' title='bbox 159 2723 411 2778; x_wconf 86' lang='lat' dir='ltr'>honorem</span> <span class='ocrx_word' id='word_1_216' title='bbox 457 2725 695 2779; x_wconf 85' lang='lat' dir='ltr'>habitum</span> <span class='ocrx_word' id='word_1_217' title='bbox 742 2740 967 2794; x_wconf 82' lang='lat' dir='ltr'>putem,</span> <span class='ocrx_word' id='word_1_218' title='bbox 1003 2742 1072 2778; x_wconf 89' lang='lat' dir='ltr'>an</span> <span class='ocrx_word' id='word_1_219' title='bbox 1114 2724 1329 2777; x_wconf 85' lang='lat' dir='ltr'>studiis.</span> <span class='ocrx_word' id='word_1_220' title='bbox 1319 2726 1339 2763; x_wconf 78' lang='lat'>²</span> <span class='ocrx_word' id='word_1_221' title='bbox 1388 2722 1592 2776; x_wconf 88' lang='lat' dir='ltr'>Studiis</span> 
     </span>
     <span class='ocr_line' id='line_1_32' title="bbox 161 2795 1594 2868; baseline -0.001 -18"><span class='ocrx_word' id='word_1_222' title='bbox 161 2800 328 2861; x_wconf 84' lang='lat' dir='ltr'>malo,</span> <span class='ocrx_word' id='word_1_223' title='bbox 363 2816 478 2868; x_wconf 79' lang='lat' dir='ltr'>quae</span> <span class='ocrx_word' id='word_1_224' title='bbox 515 2796 686 2867; x_wconf 70' lang='lat' dir='ltr'>prop‘e</span> <span class='ocrx_word' id='word_1_225' title='bbox 728 2797 985 2850; x_wconf 62' lang='lat' dir='ltr'>exstincta</span> <span class='ocrx_word' id='word_1_226' title='bbox 1020 2798 1348 2851; x_wconf 85' lang='lat' dir='ltr'>refoventur.</span> <span class='ocrx_word' id='word_1_227' title='bbox 1399 2798 1470 2847; x_wconf 87' lang='lat' dir='ltr'>At</span> <span class='ocrx_word' id='word_1_228' title='bbox 1506 2795 1594 2848; x_wconf 90' lang='lat' dir='ltr'>cui</span> 
     </span>
     <span class='ocr_line' id='line_1_33' title="bbox 162 2868 1593 2939; baseline 0.001 -18"><span class='ocrx_word' id='word_1_229' title='bbox 162 2871 382 2924; x_wconf 69' lang='lat' dir='ltr'>materiae</span> <span class='ocrx_word' id='word_1_230' title='bbox 411 2874 546 2925; x_wconf 83' lang='lat' dir='ltr'>hanc</span> <span class='ocrx_word' id='word_1_231' title='bbox 577 2871 912 2925; x_wconf 86' lang='lat' dir='ltr'>sedulitatem</span> <span class='ocrx_word' id='word_1_232' title='bbox 947 2870 1340 2939; x_wconf 74' lang='lat' dir='ltr'>praestiterunt?</span> <span class='ocrx_word' id='word_1_233' title='bbox 1383 2868 1593 2936; x_wconf 85' lang='lat' dir='ltr'>Nempe</span> 
     </span>
     <span class='ocr_line' id='line_1_34' title="bbox 163 2939 1593 3015; baseline -0.001 -18"><span class='ocrx_word' id='word_1_234' title='bbox 163 2959 307 3011; x_wconf 89' lang='lat' dir='ltr'>quam</span> <span class='ocrx_word' id='word_1_235' title='bbox 355 2945 414 2998; x_wconf 89' lang='lat' dir='ltr'>in</span> <span class='ocrx_word' id='word_1_236' title='bbox 459 2946 644 2999; x_wconf 83' lang='lat' dir='ltr'>senatu</span> <span class='ocrx_word' id='word_1_237' title='bbox 698 2960 914 3015; x_wconf 88' lang='lat' dir='ltr'>quoque</span> <span class='ocrx_word' id='word_1_238' title='bbox 957 2983 974 3009; x_wconf 90' lang='lat'>,</span> <span class='ocrx_word' id='word_1_239' title='bbox 1011 2942 1104 2998; x_wconf 88' lang='lat' dir='ltr'>ubi</span> <span class='ocrx_word' id='word_1_240' title='bbox 1142 2941 1349 3013; x_wconf 82' lang='lat' dir='ltr'>perpeti</span> <span class='ocrx_word' id='word_1_241' title='bbox 1390 2939 1593 2995; x_wconf 80' lang='lat' dir='ltr'>necess&#39;e</span> 
     </span>
    </p>
   </div>
  </div>
 </body>
</html>
