1951 3720
379 314 522 381 410
609 291 1514 373 ‘PANEGYRIGUS

379 430 498 466 mus
522 427 643 466 tuus
663 427 754 466 aut
776 413 992 466 fortuna
1012 410 1225 468 laffetur
1248 430 1263 465 :
1289 414 1383 465 des
1400 429 1563 482 quam
1580 409 1824 481 plurimis

378 486 570 539 tertios
589 487 891 539 consulatus
907 524 924 551 ,
949 487 1004 538 δι
1028 504 1193 555 quum
1212 486 1462 555 plurimis
1480 488 1680 539 tertios
1700 503 1829 539 con-

377 559 577 613 sulatus
619 560 824 612 dederis
851 598 868 623 ,
914 560 1124 628 semper
1156 575 1338 612 tamen
1371 561 1553 628 plures
1575 598 1591 625 ‚
1641 559 1831 629 quibus

378 634 569 686 debeas
591 672 608 696 ‚
633 633 916 702 supersint.

397 751 404 757 .
452 706 620 759 LXII.
665 705 932 759 Omnium
970 704 1187 774 quidem
1222 704 1617 759 beneficiorum
1651 743 1670 769 ,
1719 723 1835 775 (χιιι

379 779 706 833 merentibus
743 780 1046 832 tribuuntur
1082 817 1099 841 ,
1153 795 1269 830 non
1298 781 1364 831 ad
1396 780 1547 848 ipsos
1581 779 1832 849 gaudium

379 850 550 918 majus
583 890 600 917 ‚
650 852 810 921 quam
853 854 918 904 ad
951 852 1158 906 similes
1196 853 1450 905 redundat
1494 872 1510 905 ι
1562 852 1835 921 praecipue

379 940 559 978 tamen
594 943 665 978 ex
695 927 891 979 horum
929 926 1210 978 consulatu
1240 942 1354 978 non
1388 928 1453 978 ad
1488 940 1708 994 partem
1738 926 1835 978 ali-

381 1016 540 1068 quam
563 999 771 1052 senatus
796 1038 813 1063 ‚
849 1000 938 1052 sed
959 1000 1026 1052 ad
1051 1013 1229 1051 totum
1261 999 1500 1051 senatum
1525 1013 1679 1051 tanta
1701 999 1832 1051 laeti-

377 1073 453 1125 tia
475 1073 728 1141 pervenit
745 1112 767 1137 ,
803 1088 863 1125 ιιι
885 1073 1133 1126 eumdem
1152 1073 1417 1125 honorem
1441 1089 1640 1126 omnes
1660 1072 1829 1126 sibi&

380 1145 573 1199 dedisse
611 1147 665 1199 &
698 1145 951 1215 accepiffe
990 1145 1291 1199 videantur.
1336 1148 1548 1215 Nempe
1592 1147 1743 1199 enim
1775 1146 1829 1199 hi

379 1219 502 1271 sunt
529 1236 669 1288 quos
689 1220 898 1272 senatus
918 1257 935 1284 ‚
972 1235 1140 1288 quum
1165 1218 1393 1288 publicis
1412 1218 1719 1290 sumptibus
1740 1220 1827 1273 mi·

377 1293 606 1346 nuendis
625 1293 895 1362 optimum
918 1309 1186 1361 quemque
1208 1292 1504 1362 preficeret
1521 1333 1538 1357 ,
1559 1294 1729 1364 elegit
1742 1334 1758 1359 ‚
1776 1296 1826 1347 δε

381 1366 602 1435 quidem·
638 1366 864 1435 primos.
919 1367 1044 1419 Hoc
1080 1365 1155 1419 est
1193 1367 1359 1437 igitur
1381 1406 1397 1431 ,
1433 1367 1543 1420 hoc
1578 1367 1657 1420 est
1694 1369 1828 1438 quod

383 1439 600 1508 penitus
614 1440 739 1493 illos
758 1440 950 1493 animo·
963 1439 1185 1493 Caesaris
1205 1439 1521 1494 insinuavit.
1545 1442 1832 1510 Anparuxn

378 1513 519 1581 saepe
532 1514 742 1582 experti
764 1514 943 1566 sumus
967 1516 1103 1567 hanc
1116 1513 1219 1567 effe
1239 1531 1417 1567 rerum
1434 1515 1834 1581 conditionem,

379 1599 443 1639 ut
476 1586 686 1640 senatus
717 1587 873 1651 favor
907 1590 1047 1656 apud
1071 1587 1377 1657 Principem
1409 1601 1499 1640 aut
1527 1588 1710 1657 prosit
1751 1604 1837 1642 aut

383 1674 578 1714 noceat
603 1663 624 1715 ἓ
666 1663 862 1714 Nonne
885 1659 1049 1730 paulo
1081 1660 1204 1715 ante
1233 1662 1370 1714 nihil
1407 1663 1582 1732 magis
1619 1662 1837 1716 exitiale

381 1749 535 1798 erat,
574 1751 734 1804 quam
753 1735 845 1787 illa
867 1734 1129 1804 Principis
1154 1735 1461 1805 cogitatio?
1500 1737 1665 1788 Hunc
1684 1736 1836 1790 sena-

331 1842 340 1849 1
382 1822 468 1862 tus
488 1810 710 1877 probat,
731 1809 820 1862 luc
838 1808 1053 1862 senatui
1061 1825 1213 1863 carus
1233 1808 1324 1864 est.
1349 1809 1557 1864 Oderat
1572 1827 1716 1881 quos
1736 1827 1834 1864 nos

384 1899 724 1942 amaremus·‚
765 1882 855 1935 sed
891 1884 945 1936 &
974 1900 1126 1947 nos,
1174 1901 1314 1952 quos
1348 1882 1475 1938 ille.
1501 1887 1665 1938 Nunc
1703 1884 1837 1938 inter

388 1955 715 2025 Principem
725 1956 1069 2026 senatumque
1092 1923 1396 2027 dignissimi
1426 1956 1687 2027 cujusque
1707 1958 1835 2011 cari·

326 2088 330 2092 ‚
389 2043 499 2082 tate
522 2044 787 2082 certatur·
820 2030 1275 2086 demonstramus
1260 2031 1540 2095 invicem,
1570 2032 1832 2085 credimus

384 2102 642 2163 invicem,
655 2104 903 2172 quodque
915 2105 1212 2156 maximum
1223 2104 1421 2157 amoris
1434 2105 1613 2157 mutui
1623 2105 1831 2175 signum

387 2174 462 2227 est
475 2213 492 2240 ‚
512 2176 727 2229 eosdem
745 2192 1002 2229 amamus.
1023 2176 1253 2229 Proinde
1270 2216 1286 2241 ‚
1313 2178 1371 2231 P.
1400 2179 1462 2230 C.
1484 2177 1669 2230 favete
1689 2195 1834 2247 aper·

387 2248 444 2302 re
460 2287 477 2314 ‚
496 2248 705 2319 diligite
720 2248 1036 2303 constanter.
1058 2251 1187 2302 Non
1206 2248 1314 2315 jam
1332 2250 1751 2305 dissimulandus
1766 2251 1833 2305 est

387 2339 559 2387 amor,
578 2339 646 2375 ne
659 2338 881 2385 noceat;
899 2323 1014 2376 non
1024 2325 1373 2391 premendum
1393 2323 1583 2376 odium
1596 2363 1612 2388 ‚
1631 2342 1707 2378 ne
1720 2342 1834 2395 pro-

389 2395 479 2451 sit.
502 2397 697 2448 Eadem
717 2396 889 2449 Caesar
907 2435 922 2461 ‚
944 2414 1061 2466 quae
1074 2398 1283 2449 senatus
1297 2437 1313 2462 ‚
1333 2398 1522 2466 probat
1539 2397 1835 2467 improbat-

391 2486 530 2539 que:
558 2485 665 2521 vos
696 2469 798 2523 ine
817 2471 1101 2539 praesentes
1121 2510 1138 2535 ‚
1174 2487 1280 2523 vos
1308 2471 1472 2524 etiam
1503 2472 1749 2526 absentes
1777 2472 1833 2525 in

390 2541 626 2596 consilio
656 2542 831 2597 habet.
869 2541 1058 2596 Tertio
1087 2544 1331 2597 consules
1364 2545 1492 2597 fecit
1509 2584 1527 2610 ,
1569 2562 1712 2613 quos
1732 2563 1835 2600 vos

391 2615 671 2686 elegeratis
693 2653 709 2680 ‚
743 2617 938 2671 &fecit
968 2618 1076 2669 hoc
1100 2616 1286 2670 ordine
1312 2634 1422 2688 quo
1443 2617 1602 2671 eleeti
1620 2636 1652 2670 a
1677 2619 1834 2672 vobis

393 2705 562 2744 erant.
606 2690 839 2760 Magnus
857 2704 1084 2760 uterque
1115 2691 1294 2744 honor
1326 2690 1500 2746 vester
1518 2730 1535 2755 ‚
1569 2692 1692 2746 sive
1715 2693 1835 2745 eos·-

392 2766 522 2817 dm
541 2762 779 2817 maxime
801 2762 977 2834 diligit
989 2802 1006 2829 ‚
1036 2780 1172 2834 quos
1203 2764 1303 2818 scit
1321 2763 1481 2819 vobis
1497 2763 1603 2818 effe
1622 2765 1835 2819 carissi-

394 2853 560 2897 mos&
592 2837 710 2890 sive
734 2837 843 2890 illis
876 2836 1149 2891 neminem
1172 2839 1382 2907 praefert
1405 2878 1422 2902 ‚
1453 2838 1709 2909 quamvis
1737 2838 1836 2891 ali*

388 2909 756 2984 quemmagis
766 2925 928 2970 annet.
950 2912 1237 2984 Proposita
1252 2912 1694 2984 suntsenioribus
1707 2923 1838 2985 με·
