1951 3720
362 331 944 402 EPISTOLAE.
974 329 1124 400 Lib.
1159 331 1292 401 IV.
1426 342 1566 424 113·

120 451 416 506 Mediolani.
454 457 547 504 Cur
569 472 665 504 non
689 455 763 505 lu‘c
785 455 813 505 ?
836 454 901 505 Et
920 468 1071 521 pater
1099 451 1214 517 ejus
1243 454 1265 520 (
1285 465 1396 505 erat
1414 453 1563 507 enim

121 525 216 577 una
247 565 265 589 ‚
309 540 473 594 atque
539 526 702 579 etiam
761 527 873 595 ipse
928 530 1214 579 adduxerat
1266 542 1488 593 puerum
1538 526 1567 592 )

127 599 248 670 Quia
268 601 435 650 nullos
459 601 534 649 ln‘c
551 616 862 669 praeceptores
894 602 1130 653 habemus.
1174 600 1336 672 Quare
1359 601 1516 651 nullos
1534 600 1564 650 ἓ

122 673 242 723 Nam
263 676 563 724 vehementer
592 675 819 725 intererat
841 676 996 736 vestrd
1012 675 1015 678 ’
1031 675 1109 742 qui
1142 691 1303 740 patres
1323 674 1429 736 estis
1453 672 1474 739 (
1510 673 1568 725 fit

123 744 423 812 opportune
455 749 759 814 complures
796 762 970 814 patres
1022 746 1298 799 audiebant
1327 746 1348 812 )
1388 746 1565 798 liberos

121 820 282 878 vestros
313 821 390 869 hic
424 821 719 887 potissimum
742 819 934 887 discere.
969 821 1075 872 Ubi
1096 819 1240 872 enim
1270 833 1360 872 aut
1381 817 1571 884 jucun-

93 889 226 942 -ditis
260 907 602 945 morarentur
639 892 797 961 quam
832 893 890 945 in
929 893 1094 961 patria
1125 896 1149 946 ἓ
1194 908 1285 944 aut
1319 891 1568 959 pudicius

121 963 520 1017 continerentur
556 966 717 1035 quam
767 966 859 1018 sub
902 966 1072 1019 oculis
1112 981 1391 1034 parentum
1411 968 1437 1018 ἓ
1470 980 1566 1018 aut

121 1037 320 1088 minore
344 1038 563 1106 sumptu
583 1038 742 1107 quam
760 1040 909 1092 domi
929 1042 951 1092 ἓ
975 1041 1307 1106 Quantulum
1331 1037 1408 1090 est
1427 1055 1563 1107 ergo

121 1110 302 1161 collata
347 1110 581 1178 pecunia
616 1114 910 1164 conducere
944 1114 1342 1180 praeceptores?
1385 1113 1566 1179 quod..

119 1199 213 1250 que
236 1201 381 1236 nunc
406 1184 466 1236 in
494 1185 884 1249 habitationes,
918 1185 980 1236 in
998 1185 1197 1238 viatica
1215 1224 1230 1248 ‚
1262 1184 1322 1235 in
1350 1199 1414 1235 ea
1443 1201 1567 1252 quae

117 1256 328 1326 peregre
369 1272 626 1310 emuntur
645 1259 666 1326 (
685 1260 868 1310 omnia
901 1274 1080 1311 autem
1114 1255 1336 1326 peregre
1370 1273 1564 1308 emun-

117 1343 193 1380 tur
227 1331 256 1397 )
300 1330 620 1399 impenditis
642 1370 659 1396 ,
696 1330 919 1394 adjicere
960 1330 1287 1384 mercedibus
1322 1331 1344 1382 ‚²
1384 1332 1566 1398 Atque

118 1404 240 1457 adeo
275 1420 385 1474 ego
416 1444 431 1468 ‚
469 1403 567 1473 qui
601 1406 839 1457 nondum
870 1404 1070 1457 liberos
1101 1404 1272 1456 habeo
1296 1440 1313 1466 ‚
1350 1417 1565 1469 paratus

119 1475 223 1528 sum
266 1494 375 1545 pro
419 1477 689 1545 republica
732 1477 908 1531 nostra
926 1516 943 1541 ‚
981 1478 1134 1546 quasi
1173 1493 1275 1545 pro
1313 1473 1427 1528 filia
1468 1478 1565 1530 vel

116 1565 324 1616 parente
366 1590 382 1614 ‚
432 1551 647 1603 tertiam
697 1566 904 1619 partem
952 1550 1066 1615 ejus
1121 1552 1266 1619 quod
1319 1549 1565 1604 conferre

117 1624 270 1677 vobis
300 1625 535 1691 placebit
559 1664 575 1688 ‚
614 1627 754 1678 dare.
805 1625 1010 1677 Totum
1037 1624 1201 1675 etiam
1236 1621 1520 1690 pollicerer
1541 1662 1562 1686 ‚

117 1695 216 1748 nisi
255 1696 510 1750 timerem
544 1714 614 1750 ne
655 1699 761 1751 hoc
795 1714 989 1749 munus
1025 1713 1205 1748 meum
1245 1697 1565 1764 quandoque

118 1769 307 1822 ambitu
359 1785 791 1839 corrumperetur
824 1810 839 1836 ,
882 1785 943 1823 ut
1000 1769 1232 1823 accidere
1285 1766 1465 1820 multis
1503 1767 1567 1819 in

117 1843 239 1897 locis
268 1844 443 1897 video
464 1886 480 1909 ‚
513 1844 573 1898 in
591 1844 781 1915 quibus
810 1857 1165 1913 praeceptores
1188 1839 1397 1911 publice
1427 1857 1566 1894 con·

119 1917 392 1971 ducuntur.
441 1918 584 1971 Huic
616 1918 760 1972 vitio
793 1918 1001 1972 occurri
1036 1933 1149 1968 uno
1186 1914 1422 1968 remedio
1457 1931 1563 1983 po·

118 1990 204 2042 test
232 2030 249 2055 ‚
289 1991 341 2043 si
381 1991 688 2060 parentibus
730 1989 861 2045 solis
897 1990 985 2056 jus
1029 1988 1358 2042 conducendi
1397 1988 1563 2042 telin·

119 2079 297 2131 quatur
317 2104 335 2128 ‚
365 2064 663 2133 iisdemque
695 2064 889 2134 religio
913 2062 1054 2116 reete
1072 2061 1338 2129 iudicandi
1370 2077 1562 2114 neces·

120 2137 262 2190 sitate
308 2137 625 2191 collationis
662 2139 894 2191 addatur.
941 2139 1080 2190 Nam
1119 2135 1211 2204 qui
1246 2133 1456 2188 fortasse
1496 2136 1563 2188 de

117 2210 287 2263 alieno
310 2210 648 2281 negligentes
663 2250 679 2272 ,
703 2209 847 2264 cert'e
865 2212 928 2262 de
950 2210 1048 2262 suo
1071 2209 1353 2278 diligentes
1372 2221 1562 2270 etuntz

116 2285 414 2353 dabuntque
456 2300 674 2352 operam
714 2299 782 2336 ne
805 2300 836 2335 a
865 2298 953 2335 me
987 2282 1268 2351 pecuniam
1308 2297 1423 2333 non
1450 2280 1560 2335 nisi

118 2357 298 2426 dignus
330 2357 563 2425 accipiat
593 2396 611 2420 ‚
652 2357 698 2409 si
733 2372 1042 2424 accepturus
1075 2357 1128 2407 δι
1170 2357 1234 2407 ab
1270 2354 1403 2422 ipsis
1437 2355 1561 2410 erit.

119 2429 341 2483 Proinde
399 2429 697 2482 consentite
725 2470 743 2494 ‚
793 2428 1094 2498 conspirate
1125 2467 1141 2491 ‚
1196 2427 1561 2497 majoremque

116 2504 350 2556 animum
384 2520 461 2556 ex
495 2520 619 2555 meo
649 2502 841 2555 sumite
866 2532 888 2565 ,ν
917 2502 1013 2570 qui
1054 2500 1215 2569 cupio
1259 2500 1362 2554 effe
1398 2500 1561 2570 quam

117 2577 406 2644 plurimum
431 2615 449 2639 ,
481 2578 626 2644 quod
657 2577 873 2629 debeam
902 2575 1163 2628 conferre.
1203 2574 1351 2627 Nihil
1369 2574 1562 2627 hones,

115 2649 218 2702 ‚tius
249 2649 493 2718 praestare
523 2646 704 2702 liberis
732 2647 922 2701 vestris
938 2687 954 2711 ‚
985 2647 1120 2700 nihil
1143 2647 1340 2715 gratius
1372 2647 1560 2714 patria

113 2722 352 2789 potestis.
413 2723 715 2775 Educentur
755 2722 859 2785 hic,
875 2761 891 2784 ‚
946 2720 1041 2789 qui
1088 2721 1174 2773 bic
1227 2719 1507 2772 nascuntur
1539 2736 1560 2779 ς

118 2795 393 2865 statimque
429 2796 491 2848 ab
525 2794 747 2847 infantia
778 2796 951 2847 natale
996 2793 1168 2846 solum
1207 2810 1378 2845 amare
1399 2831 1417 2855 ‚
1457 2793 1559 2844 fre·

116 2882 366 2936 quentare
400 2868 764 2921 consuescant.
793 2869 969 2936 Atque
1005 2867 1211 2919 utinam
1242 2882 1352 2918 tam
1385 2866 1557 2919 claros

117 2956 471 3016 praeceptores
501 2940 765 2999 inducatis
784 2980 802 3012 ,
835 2956 899 2997 ut
926 2938 1174 2998 finitimis
1214 2936 1429 3012 oppidis
1455 2934 1565 3001 stus
