1951 3720
304 274 395 346 80
636 272 1401 364 CAIIPL1N11

300 396 548 448 haerebat.
582 395 766 462 Itaque
789 410 956 463 quum
977 393 1040 445 ad
1065 410 1267 446 nomen
1289 392 1402 459 ejus
1428 394 1488 447 in
1512 407 1756 463 extrema

304 468 516 521 actione
559 466 863 532 venifl‘em(
896 484 1072 537 neque
1112 468 1259 520 enim
1284 507 1299 530 ,
1331 482 1390 520 ut
1432 468 1596 520 initio
1623 508 1638 532 ‚
1676 469 1760 521 sic

305 542 471 594 etiam
510 541 567 592 in
599 540 707 593 fine
736 544 1029 593 verendum
1058 556 1168 592 erat
1192 580 1208 604 ,
1245 558 1311 593 ne
1334 558 1429 609 per
1451 542 1556 594 hoc
1584 542 1760 594 totius

304 614 662 667 accusationis
699 614 985 666 audior-itas
1021 613 1400 682 minueretur)
1439 614 1760 666 honestissi-

309 705 458 741 mum
482 687 716 750 credidi,
750 703 864 739 non
899 704 1141 756 premere
1163 686 1571 746 immerentem·,
1597 688 1763 755 idque

307 761 485 829 ipsum
522 760 637 813 dixi
672 761 723 812 &
757 758 924 813 libere
952 761 1005 812 ὅ(
1039 759 1208 812 vari'e.
1248 763 1386 813 Nam
1423 759 1589 813 modo
1612 762 1764 829 lega-

308 850 398 886 tos
444 835 832 902 interrogabam
875 871 891 894 ‚
952 832 1321 885 docuiffentne
1370 851 1456 891 me
1500 833 1706 901 aliquid
1749 872 1765 898 ‚

312 909 462 975 quod
496 923 551 958 re
592 907 806 974 probari
845 905 992 973 poffe
1025 905 1386 967 confiderent3
1412 905 1577 959 modo
1623 923 1765 957 con-

311 980 493 1034 silium
514 997 542 1031 a
566 980 749 1031 senatu
775 981 1020 1047 petebam
1041 1019 1057 1043 ,
1095 995 1375 1047 putaretne
1412 981 1599 1032 debere
1631 996 1725 1031 me
1750 1020 1766 1044 ,

312 1053 358 1104 si
390 1069 548 1121 quam
571 1053 816 1104 haberem
846 1051 905 1104 in
926 1053 1150 1105 dicendo
1170 1054 1475 1105 facultatem
1491 1092 1506 1115 ‚
1527 1053 1586 1104 in
1610 1052 1771 1123 jugu-

311 1128 425 1178 lum
460 1126 765 1178 innocentis
807 1126 961 1194 quasi
990 1128 1158 1178 telum
1195 1126 1414 1195 aliquod
1443 1126 1724 1178 intendere
1750 1146 1766 1180 ε

312 1198 583 1267 postremo
623 1213 800 1251 totum
822 1202 1004 1252 locum
1026 1201 1132 1251 hoc
1153 1198 1261 1251 fine
1300 1199 1575 1264 conclusi,
1606 1201 1769 1250 Dicet

312 1273 487 1340 aliquis
508 1310 523 1329 ‚
565 1272 758 1325 Iudicas
794 1290 903 1342 ergo
931 1274 958 1322 Ρ
987 1274 1118 1343 Ergo
1158 1274 1270 1324 verb
1309 1292 1403 1323 non
1433 1273 1599 1339 judico
1620 1308 1635 1333 ,
1672 1292 1775 1323 me-

312 1347 429 1396 mini
464 1363 618 1396 tamen
647 1364 717 1395 me
756 1348 1037 1398 advocatum
1077 1365 1137 1398 ex
1157 1346 1394 1411 judicibus
1435 1348 1611 1397 datum:
1659 1345 1774 1399 Hic

313 1418 773 1471 numerosissimae
796 1420 961 1471 causae
986 1419 1243 1471 terminus
1267 1419 1368 1471 fuit
1389 1459 1404 1483 ,
1447 1418 1772 1487 quibusdam

316 1492 568 1545 absolutis
591 1531 605 1555 ‚
640 1492 879 1561 pluribus
903 1493 1162 1545 damnatis
1186 1532 1200 1556 ,
1236 1507 1395 1560 atque
1425 1492 1589 1544 etiam
1620 1495 1773 1545 rele-

318 1565 450 1635 gatis
479 1605 492 1627 ‚
526 1566 644 1618 aliis
676 1565 733 1616 in
756 1581 968 1633 tempus
996 1605 1012 1629 ,
1045 1566 1166 1618 aliis
1200 1566 1258 1617 in
1282 1580 1620 1634 perpetuum.
1656 1568 1774 1619 ‘Eo-

316 1641 437 1691 dem
472 1639 929 1691 senatusconsulto
961 1639 1243 1703 industria,
1269 1638 1399 1691 fides
1419 1679 1437 1702 ‚
1470 1638 1777 1693 constantia

319 1712 494 1764 nostra
538 1712 857 1781 plenissimo
895 1712 1211 1765 testimonio
1250 1715 1598 1781 comprobata
1641 1713 1725 1765 est
1758 1733 1777 1775 ς

316 1786 539 1854 dignum
572 1826 587 1849 ‚
631 1787 910 1855 solumque
946 1804 1041 1855 par
1092 1786 1327 1855 pretium
1368 1787 1502 1838 tanti
1542 1788 1776 1843 laboriS.

322 1862 624 1927 Concipere
674 1859 855 1912 animo
893 1877 1050 1929 potes
1087 1858 1247 1930 quam
1295 1860 1465 1913 simus
1498 1860 1714 1930 fatigati
1760 1883 1783 1928 ,·

320 1932 514 1999 quibus
576 1933 741 1985 toties
786 1937 1047 2002 agendum
1079 1973 1094 1997 ‚
1135 1934 1298 1987 toties
1348 1936 1715 1986 altercandum
1756 1975 1776 2000 ,

318 2020 428 2057 tam
463 2006 619 2059 multi
659 2006 814 2058 testes
844 2007 1244 2077 interrogandi,
1286 2007 1633 2072 sublevandi,
1683 2026 1775 2060 re-

317 2079 539 2132 futandi.
582 2081 700 2133 Jam
735 2081 825 2131 illa
867 2079 1027 2148 quam
1060 2083 1218 2132 ardua
1241 2121 1255 2144 ,
1294 2079 1454 2149 quam
1501 2080 1729 2134 molesta
1759 2122 1775 2148 ‚

320 2165 404 2203 tot
454 2170 669 2204 reorum
700 2152 887 2206 amicis
930 2153 1134 2206 secreto
1178 2155 1485 2224 rogantibus
1530 2171 1730 2223 negare
1757 2196 1774 2220 ‚

320 2226 717 2278 adversantibus
759 2228 931 2293 palam
969 2226 1265 2280 obsistere?
1313 2228 1557 2279 Referam
1596 2245 1775 2281 unum

322 2298 543 2366 aliquod
573 2315 642 2350 ex
665 2299 734 2351 iis
772 2316 888 2368 quae
921 2300 1056 2353 dixi.
1103 2301 1287 2366 Quum
1321 2300 1457 2352 mihi
1494 2300 1718 2368 quidam
1744 2319 1777 2355 e

322 2367 588 2435 judicibus
638 2372 768 2440 ipsis
805 2390 903 2440 pro
945 2391 1040 2426 reo
1084 2373 1475 2442 gratiosissimo
1521 2377 1776 2428 reclama-

326 2461 484 2496 rent:
522 2447 639 2496 Non
676 2447 825 2496 minas
861 2481 875 2506 ,
903 2446 1122 2515 inquam
1147 2485 1161 2508 ,
1198 2450 1271 2498 hic
1301 2449 1526 2498 innocens
1563 2450 1658 2498 erit
1684 2484 1700 2510 ‚
1732 2449 1777 2500 si

324 2535 411 2584 ego
457 2525 612 2569 omnia
659 2520 843 2570 dixero.
907 2519 1242 2586 Coniectabis
1286 2536 1355 2572 ex
1399 2521 1504 2573 hoc
1543 2537 1775 2589 quantas

322 2591 700 2645 contentiones
726 2632 741 2656 ‚
785 2608 1006 2660 quantas
1050 2593 1214 2645 etiam
1262 2592 1487 2645 offensas
1542 2594 1775 2662 subieri-

323 2681 442 2715 mus
466 2704 481 2727 ,
507 2667 760 2719 duntaxat
796 2668 860 2719 ad
897 2668 1059 2718 breve
1097 2681 1326 2734 tempus.
1366 2668 1504 2718 Nam
1539 2665 1676 2720 fides
1713 2668 1775 2721 in

323 2737 601 2804 praesentia
650 2756 744 2791 eos
792 2738 983 2806 quibus
1028 2738 1218 2791 resistit
1265 2739 1531 2799 offendit·‚
1578 2741 1776 2795 deinde

321 2811 384 2865 ab
422 2811 531 2863 inis
574 2811 705 2878 ipsis
743 2812 1028 2878 suspicitur
1058 2814 1420 2880 laudaturque.
1457 2815 1586 2864 Non
1609 2816 1772 2881 potui

322 2885 498 2954 magis?
536 2898 588 2938 te
622 2885 682 2940 in
713 2901 825 2938 rem
858 2885 1177 2957 *praesentem
1207 2888 1514 2955 perducere.
1552 2887 1771 2954 Dices,

1904 1347 1922 1442 =„.-..n-.n-
1904 1121 1922 1330 mffifflffa-n
1908 1091 1922 1106 .—
1902 991 1915 1072 .ar-d·-
1912 943 1922 958 ⁴.

1906 1661 1922 1782 ’.μαι-...α
1906 1583 1922 1640 ⁴¹⁴?
1906 1511 1922 1556 2·-
1912 1461 1913 1494 ⁴„
