1951 3720
345 269 498 361 370‘
641 261 1507 335 Pansscrntcvs

348 400 468 457 quae
505 382 770 455 imputare
806 400 921 438 non
954 383 1155 454 possis.
1193 384 1388 438 Nullus
1424 383 1488 437 in
1520 349 1799 455 exigendis

347 459 617 515 vehiculis
653 461 952 523 turnultus,
990 461 1196 513 nullum
1225 458 1365 512 circa
1401 457 1639 528 hospitia
1661 459 1796 512 fasti-

348 534 538 589 dium:
576 549 817 599 annona,
859 550 979 604 quae
1015 535 1225 587 ceteris.
1269 534 1350 586 Ad
1383 533 1492 586 hoc
1517 571 1532 596 ,
1573 532 1801 586 comita·

349 621 437 661 tus
492 608 757 661 accin&us
802 609 854 661 δι
894 623 1085 677 parens
1120 627 1134 661 t
1167 607 1368 662 diceres
1407 620 1664 677 magnum
1703 605 1800 659 ali-

350 697 513 751 quem
562 685 752 735 ducem
776 721 791 744 ‚
832 698 891 734 ac
931 696 986 734 te
1035 680 1378 750 potissimum
1422 682 1488 733 ad
1532 679 1799 734 exercitus

351 753 473 809 ire:
509 757 642 808 adeo
676 755 846 819 nihil,
888 771 979 808 aut
1015 754 1160 809 certe
1197 772 1383 824 parurn
1424 754 1684 806 intererat
1718 754 1800 807 in-

351 842 438 881 ter
484 828 864 898 imperatorem
905 828 1101 881 factum
1133 867 1150 894 ‚
1203 830 1257 881 &
1301 829 1558 880 futurum.
1627 827 1802 895 Quam

351 902 631 957 dissimilis
664 918 833 971 nuper
876 901 1092 954 alterius
1129 901 1394 970 Principis
1428 901 1688 954 transitus
1710 940 1725 964 ‚
1760 899 1804 955 si

354 980 537 1029 tamen
566 977 820 1029 transitus
858 975 951 1030 ille
975 1014 991 1040 ‚
1030 992 1145 1029 nonv
1172 975 1454 1045 populatio
1474 975 1578 1028 fuit
1598 1014 1614 1040 ,
1640 992 1803 1044 quum

354 1050 566 1103 abaaus
602 1050 878 1119 hospitum
929 1062 1205 1104 exerceret
1237 1088 1252 1114 ‚
1291 1050 1583 1119 omniaque
1621 1047 1806 1102 dextra

354 1124 602 1193 laevaque
631 1123 836 1192 perusta
860 1124 912 1176 &
949 1123 1129 1176 attrita
1149 1164 1164 1189 ,
1201 1138 1262 1176 ut
1296 1122 1343 1177 si
1372 1125 1459 1176 vis
1502 1123 1685 1191 aliqua
1717 1123 1808 1177 vel

353 1195 463 1265 ipsi
496 1197 577 1250 illi
601 1197 841 1263 barbari,
873 1214 1011 1266 quos
1029 1197 1264 1269 fugiebat
1289 1237 1304 1261 ‚
1337 1196 1660 1250 inciderent.
1694 1196 1809 1249 Per·

355 1271 677 1325 suadendum
707 1271 1010 1340 provinciis
1041 1286 1183 1336 erat,
1216 1271 1349 1324 illud
1372 1271 1474 1324 iter
1497 1269 1808 1324 Domitiani

353 1343 506 1398 fuiss‘e
526 1385 543 1410 ‚
583 1361 697 1397 non
736 1345 1022 1414 Principis.
1065 1347 1250 1415 Itaque
1286 1358 1402 1397 non
1430 1359 1539 1397 tam
1584 1354 1689 1414 pro
1725 1359 1808 1397 tua

357 1420 566 1488 gloria,
617 1417 777 1488 quam
821 1434 925 1488 pro
980 1417 1212 1472 utilitate
1271 1417 1590 1482 communi,
1634 1417 1813 1473 edisso

355 1491 617 1557 subiecisti
639 1532 654 1558 ‚
698 1493 827 1560 quid
852 1491 911 1544 in
949 1507 1235 1562 utrumque
1270 1491 1503 1546 vestrum
1540 1489 1677 1544 effer
1711 1490 1809 1544 im·

355 1566 602 1635 pensum.
643 1565 911 1620 Affuescat
946 1566 1241 1635 imperator
1275 1582 1397 1619 cum
1433 1565 1673 1635 imperio
1711 1567 1811 1618 cal·

357 1641 540 1693 culum
575 1656 815 1709 ponere:
850 1640 929 1693 sic
966 1655 1157 1705 exeat,
1189 1640 1267 1693 sic
1303 1642 1481 1692 redeat
1500 1679 1517 1704 ‚
1541 1654 1816 1708 tamquam

358 1713 628 1768 rationem
667 1714 963 1768 redditurus
998 1732 1011 1766 z
1045 1714 1218 1767 edicat
1251 1713 1383 1783 quid
1421 1714 1812 1782 absumpserit·‚

358 1784 437 1840 ita
472 1787 568 1842 fiet
603 1801 664 1841 ut
698 1804 813 1841 non
856 1788 1093 1840 absumat
1118 1827 1135 1853 ‚
1171 1790 1316 1858 quod
1349 1790 1546 1856 pudeat
1582 1788 1815 1841 edicere.

359 1862 621 1916 Praeterea
668 1862 835 1917 futuri
903 1860 1178 1931 Principes
1231 1862 1463 1930 (velint
1492 1902 1508 1926 ‚
1568 1864 1752 1915 nolint
1792 1862 1822 1930 l

359 1936 533 1990 sciant
553 1976 572 2002 ,
613 1936 762 1989 Tanti
799 1940 927 1989 titum
964 1938 1146 2001 constat
1179 1951 1198 1987 ε
1236 1935 1643 2005 propositisque
1683 1938 1817 1989 duo·

360 2011 459 2063 bus
494 2011 766 2080 exemplis
800 2010 1147 2064 meminerint
1166 2051 1191 2076 ,,
1207 2010 1427 2080 perinde
1451 2009 1816 2077 conjeme-am

283 2103 287 2107 ·
361 2085 428 2137 de
463 2086 702 2138 moribus
739 2085 846 2139 suis
880 2085 1131 2138 homines
1166 2084 1269 2138 effe
1303 2084 1539 2137 fassuros
1577 2123 1595 2151 ,
1655 2095 1815 2154 prout

364 2159 472 2211 hoc
500 2160 592 2212 vel
619 2159 754 2211 illud
776 2158 1060 2229 elegerint.

438 2231 595 2286 XXI.
638 2234 835 2286 Nonne
863 2233 950 2285 his
973 2246 1060 2285 tot
1088 2231 1354 2301 tantisque
1389 2230 1600 2285 meritis
1636 2249 1821 2286 novos

365 2305 578 2390 aliquos
616 2306 884 2370 honores,
917 2322 1099 2360 novos
1134 2305 1324 2359 titulos
1360 2309 1633 2360 merebare
1672 2308 1699 2360 ἒ
1748 2307 1823 2358 At

365 2394 427 2433 ru
455 2378 618 2433 etiam
653 2382 818 2450 patris
858 2379 1043 2450 patriae
1083 2381 1372 2434 recusabas.
1429 2378 1612 2447 Quam
1658 2382 1817 2450 longa

366 2454 525 2508 nobis
563 2471 686 2508 cum
728 2453 985 2509 modestia
1018 2470 1109 2508 tua
1152 2467 1329 2525 pugna
1368 2456 1391 2508 ἓ
1446 2470 1609 2539 quam
1672 2452 1820 2507 tarde

366 2528 644 2583 vicimus?
680 2532 904 2583 Nomen
931 2529 1062 2583 illud
1086 2568 1102 2595 ,
1131 2531 1278 2598 quod
1309 2527 1403 2582 alii
1431 2528 1614 2597 primo
1648 2527 1821 2581 statim

368 2602 697 2672 principatus
733 2604 854 2671 die,
879 2617 942 2657 ut
979 2603 1320 2673 imperatoris
1359 2603 1415 2655 ὃ(
1444 2601 1673 2658 Caesaris
1689 2642 1705 2668 ‚
1735 2619 1821 2655 re·

368 2691 632 2747 ceperunt
650 2707 669 2741 ς
697 2691 756 2730 tu
786 2678 951 2749 usque
975 2677 1045 2732 eo
1070 2676 1311 2731 distulisti
1335 2717 1351 2742 ‚
1388 2679 1561 2730 donec
1593 2692 1659 2729 tu
1683 2693 1816 2746 quo·

371 2768 477 2820 que
498 2791 522 2817 ,k
554 2749 936 2805 beneficiorum
971 2766 1187 2806 tuorum
1217 2751 1562 2821 parcissimus
1592 2750 1817 2804 aestima-

372 2838 463 2878 tor
485 2865 501 2891 ,
542 2824 648 2893 jam
685 2840 739 2878 te
776 2827 969 2880 mereri
996 2826 1234 2881 fatereris
1259 2828 1291 2880 ἒ
1315 2828 1519 2894 ltaque
1545 2825 1652 2878 soti
1699 2841 1819 2877 om·

373 2902 532 2954 nium
559 2899 789 2973 contigit
826 2900 928 2960 tihi
948 2940 970 2967 „
1001 2913 1062 2954 ut
1109 2917 1259 2971 pater
1297 2898 1486 2971 patriae·
1514 2898 1656 2955 effes
1696 2894 1825 2954 ant&
