1951 3720
380 333 508 424 148
703 329 980 404 CAII
1053 328 1547 406 PL1N11‘

365 454 579 508 tissimo
600 495 615 518 ‚
648 459 835 523 procul
865 474 893 508 a
925 471 1090 510 matre
1114 498 1128 521 ,
1152 476 1182 510 a
1211 458 1501 511 sororibus.
1543 453 1694 509 Nihil
1719 453 1804 510 ista

369 531 433 580 ad
464 545 734 581 mortuum
767 529 1074 597 pertinent3
1112 532 1200 583 sed
1237 532 1611 599 pertinuerunt
1644 545 1806 599 quum

369 617 701 662 moret-utum
726 605 997 672 pertinent
1026 605 1089 655 ad
1116 606 1217 656 hos
1251 605 1342 673 qui
1366 606 1659 673 supersunt.
1696 605 1807 657 Jam

369 675 517 743 quod
551 676 607 727 in
639 676 772 728 flore
803 678 982 744 primo
1024 690 1182 729 tantae
1227 677 1423 729 indolis
1458 677 1675 744 juvenis
1719 692 1807 728 ex-

369 748 586 801 stinctus
627 748 734 811 est,
779 750 983 802 summa
1030 751 1442 813 consecuturus,
1487 751 1534 802 si
1582 750 1807 801 virtutes

368 821 483 886 ejus
532 822 899 874 maturuiss'ent
933 828 945 877 !
993 824 1122 888 Quo
1169 824 1261 875 ille
1296 823 1587 875 studiorum
1630 838 1808 874 amore

370 894 619 963 flagrabat
648 900 658 948 l
695 911 952 963 quantum
995 896 1165 965 legit!
1201 911 1455 965 quantum
1482 897 1649 947 etiam
1698 895 1808 947 scri-

375 967 487 1035 psit
512 973 523 1021 !
554 985 670 1036 quae
701 985 840 1021 nunc
871 969 1054 1021 omnia
1074 986 1194 1021 cum
1215 970 1334 1037 ipso
1366 972 1481 1021 sine
1500 969 1676 1022 ftustu
1696 968 1812 1037 pos·

370 1041 599 1093 tet-itatis
618 1056 885 1095 aruerunt.
919 1045 1022 1095 Sed
1042 1042 1172 1111 quid
1195 1060 1298 1111 ego
1323 1043 1575 1112 indulgeo
1599 1042 1809 1093 dolori?

370 1114 460 1165 cui
498 1114 547 1166 si
593 1115 774 1166 stenos
805 1115 1042 1167 remittas
1067 1154 1081 1176 ,
1116 1118 1262 1168 nulla
1297 1117 1514 1168 materia
1551 1131 1667 1166 non
1704 1131 1813 1166 ma-

371 1186 518 1238 xima
549 1186 639 1239 est.
679 1188 863 1239 Finem
896 1188 1130 1255 epistolae
1153 1189 1371 1252 faciam,
1398 1204 1458 1240 ut
1486 1189 1659 1241 facere
1693 1188 1812 1256 pos-

372 1259 477 1311 sim
494 1261 655 1312 etiam
675 1263 926 1331 lacrymis
943 1301 956 1325 ‚
975 1278 1103 1330 quas
1118 1261 1634 1332 epistolazexpressit.
1658 1261 1811 1315 Vale.

410 1405 418 1444 2
500 1382 574 1434 X.
618 1381 948 1444 PLnuus
987 1381 1410 1434 Auronuto
1453 1371 1599 1433 s'uo
1635 1382 1696 1435 S.

411 1519 420 1526 .
446 1475 621 1547 Versus
657 1479 898 1529 Antonini
943 1479 1112 1528 laudae
1129 1512 1146 1538 ,
1183 1494 1235 1528 ut
1270 1479 1361 1530 sibi
1410 1478 1745 1531 inimitabiles.

908 1574 1032 1628 Vide
1065 1590 1102 1638 4
1127 1608 1143 1635 ,
1191 1576 1277 1628 18.

378 1652 476 1776 Q
500 1716 675 1756 υυΜ
714 1701 899 1754 versus
943 1715 1068 1753 tuos
1106 1702 1329 1754 aemulor
1353 1740 1368 1765 ,
1415 1715 1529 1753 tum
1579 1699 1814 1754 maxime

375 1778 536 1846 quam
588 1777 696 1828 sint
741 1774 872 1829 boni
924 1774 1194 1843 experior.
1256 1776 1333 1826 Ut
1384 1776 1528 1827 enim
1582 1775 1813 1844 pleiotes

374 1851 647 1920 pulchram
695 1850 1092 1918 absolutamque
1141 1847 1331 1903 faciem
1385 1848 1505 1901 raro
1538 1888 1554 1914 ,
1602 1848 1710 1901 nisi
1759 1849 1813 1900 in

378 1923 530 1992 pejus
552 1962 567 1985 ‚
590 1924 844 1992 effingunt
865 1942 881 1983 3
907 1922 981 1974 ita
998 1936 1116 1992 'ego
1144 1924 1207 1975 ab
1227 1924 1332 1975 hoc
1355 1924 1649 1991 archetypo
1670 1924 1816 1974 labor

382 1998 435 2050 &
459 1996 667 2049 decido.
709 1994 837 2061 Quo
869 1996 1040 2066 magis
1061 1997 1252 2048 hortor
1271 2035 1287 2059 ‚
1326 2009 1386 2047 ut
1409 1994 1568 2064 quam
1587 1995 1812 2063 plurima

376 2070 615 2138 proferas
637 2108 653 2132 ‚
685 2086 801 2138 quae
824 2068 1025 2121 imitari
1061 2087 1249 2122 omnes
1270 2067 1649 2136 concupiscant
1672 2107 1688 2133 ‚
1722 2084 1812 2120 ne·

376 2160 473 2196 mo
494 2158 522 2207 ,‘
553 2157 641 2194 aut
673 2142 985 2210 paucissimi
1020 2144 1248 2211 possint.
1284 2142 1439 2195 Vale.

424 2263 533 2315 XI.
574 2262 902 2315 Pznuus
944 2264 1468 2325 TRANQuuLo
1512 2277 1663 2317 suo
1702 2264 1758 2317 S.

416 2359 664 2411 Hortatur
682 2377 735 2410 ut
765 2363 954 2412 tandem
980 2363 1092 2410 edat
1112 2357 1297 2429 scripta
1313 2358 1430 2427 sua,
1464 2380 1523 2412 ne
1546 2363 1665 2414 limtz'
1677 2363 1780 2431 jam

639 2475 733 2508 non
755 2453 1091 2525 splendescant
1113 2490 1127 2515 ‚
1158 2454 1249 2524 sed
1268 2458 1563 2511 deterantur.

385 2536 467 2634 L
488 2596 511 2633 1
528 2595 560 2633 Β
576 2594 612 2632 E
628 2594 667 2632 n
682 2594 723 2632 A
756 2583 966 2633 tandem
1003 2580 1557 2650 hendecasyllaborum
1576 2598 1810 2637 meorum

382 2653 542 2706 fidem
572 2694 583 2718 ,
623 2653 715 2723 qui
751 2655 941 2722 sctipta
973 2668 1064 2706 tua
1092 2654 1463 2707 communibus
1487 2655 1673 2708 amicis
1702 2657 1811 2724 spo·

380 2730 702 2797 ponderum.
740 2729 1089 2796 Appellantur
1116 2728 1356 2796 quotidie
1395 2729 1445 2780 ὃ(
1481 2728 1808 2798 flagitantur}

384 2806 445 2854 ac
468 2801 574 2866 iam
589 2800 887 2868 periculum
906 2801 1007 2864 est‘,·
1021 2818 1090 2853 ne
1109 2816 1367 2870 cogantur
1383 2803 1446 2854 ad
1464 2802 1809 2854 exhibendum

385 2877 671 2928 formulam
691 2874 943 2942 accipere.
986 2876 1115 2927 Sum
1146 2876 1200 2926 δι
1221 2874 1409 2942 ipsein
1427 2877 1633 2927 edendo
1661 2873 1812 2926 haesi·

381 2962 530 3019 ‘tator
564 2964 580 3007 ;
630 2962 688 3001 tu
734 2950 911 3003 tamen
961 2965 1135 3011 meam
1172 2964 1389 3019 quoque
1429 2947 1812 3006 metationem
