1951 3720
333 263 770 337 nunno
826 272 1206 336 οισι-υς
1335 259 1483 359 383

100 381 295 439 tissimus
332 386 655 456 affigerem-3
693 403 964 456 quumque
1007 384 1203 439 insulas
1245 402 1436 440 omnes
1465 424 1486 452 ‚

100 475 197 527 quas
237 459 386 514 modo
432 461 728 513 senatorum
765 499 780 524 ‚
820 459 926 525 jam
982 461 1277 513 delatorum
1331 461 1485 514 turba

100 537 344 602 compleret
371 552 386 593 ·‚
421 550 553 603 quos
602 536 818 602 quidem
847 548 961 587 non
997 534 1055 585 in
1094 534 1323 602 praesens
1364 548 1486 587 tan-

101 606 214 669 tum,
244 608 323 659 sed
360 608 414 658 in
443 624 697 660 aeternum
731 606 1024 677 repressisti
1057 646 1073 672 ‚
1107 607 1257 660 mille
1292 624 1488 677 poena·

100 695 194 731 rum
217 679 444 750 indagine
482 680 735 736 incluso&
798 683 1053 750 Ereptum
1087 682 1285 734 alienas
1321 698 1489 749 pecu·

101 752 187 804 nias
212 757 361 806 eunt?
392 757 607 822 perdant
643 772 773 824 quas
822 757 1037 808 habent.
1074 756 1355 824 Expellere
1398 771 1492 824 pe.

101 826 263 879 natibus
297 827 554 898 gestiunt?
597 830 705 883 suis
736 831 1083 882 exturbentur
1117 846 1132 881 ε
1177 845 1352 897 neque
1372 867 1388 891 ,
1424 842 1489 882 ut

101 914 219 952 antea
241 940 255 962 ‚
291 903 603 972 exsanguem
661 903 809 957 illam
870 904 922 956 δε
977 903 1201 955 ferream
1260 898 1498 956 frontem

103 974 403 1043 nequidquam
438 978 925 1030 convulnerandam
956 978 1225 1045 praebeant
1248 975 1459 1044 punctis
1476 1012 1497 1041 ,

104 1045 283 1100 &notas
306 1050 415 1103 suas
446 1051 651 1103 rideant
675 1069 692 1110 ς
724 1051 813 1103 sed
843 1049 1080 1119 spestent
1101 1050 1246 1118 paria
1268 1050 1497 1119 praemio

104 1119 279 1185 damna,
313 1140 406 1175 nec
441 1123 674 1189 majores
711 1125 830 1193 spes
861 1124 1021 1193 quam
1044 1139 1218 1176 metus
1238 1125 1500 1189 habeant,

105 1190 377 1264 timeantque
396 1214 654 1267 quantum
676 1200 1020 1251 timebantur.
1046 1197 1261 1267 Ingenti
1282 1192 1499 1266 quidem

105 1267 246 1320 animo
276 1271 423 1323 Titus
463 1272 734 1324 securitati
784 1271 973 1324 nostrae
1015 1271 1322 1340 ultionique
1366 1287 1501 1340 pro·-

107 1339 327 1407 spexerat,
354 1343 581 1414 ideoque
617 1345 929 1399 numinibus
968 1348 1207 1414 aquatus
1247 1343 1322 1397 est
1350 1363 1367 1398 t
1410 1345 1505 1398 sed

107 1414 264 1480 quanto
290 1432 344 1469 tu
377 1420 699 1488 quandoque
734 1419 948 1489 dignior
978 1421 1122 1471 coelo
1144 1458 1160 1484 ‚
1195 1419 1288 1487 qui
1312 1434 1397 1472 tot
1415 1435 1503 1472 res

107 1484 189 1539 illis
224 1488 432 1553 adjecisti
464 1532 480 1557 ,
520 1508 743 1562 propter
782 1511 913 1562 quas
966 1492 1119 1545 illum
1174 1496 1331 1545 deum
1370 1493 1508 1546 feci-

108 1563 234 1614 mus?
266 1565 317 1616 Id
355 1564 459 1620 hoc
481 1568 654 1636 magis
684 1568 904 1620 arduum
932 1565 1035 1618 fuit
1056 1604 1072 1629 ,
1097 1564 1245 1634 quod
1273 1570 1509 1634 impera·-

107 1645 174 1685 tor
203 1636 360 1691 Nerva
381 1679 398 1705 ‚
436 1656 489 1694 te
525 1639 647 1692 filio
669 1679 684 1703 ‚
716 1656 769 1693 te
799 1638 1092 1693 succeffore
1123 1640 1505 1709 dignissmus.

108 1721 314 1789 perquam
337 1730 523 1785 magna
557 1715 797 1783 quaedam
815 1714 991 1766 edicio
1016 1713 1133 1766 Titi
1155 1713 1509 1777 adstruxerat.

110 1781 304 1853 mhilque
337 1785 602 1857 reliquifl‘e
635 1827 650 1851 ‚
701 1787 808 1841 nisi
843 1789 941 1840 tibi
978 1825 994 1850 ,
1034 1787 1314 1840 videbatur
1344 1826 1360 1851 ,
1414 1786 1510 1856 qui

111 1869 192 1938 fam
218 1863 367 1915 multa
390 1862 705 1934 excogitasti
728 1902 745 1924 ‚
777 1878 837 1916 ut
874 1862 922 1915 si
962 1876 1086 1914 ante
1127 1878 1181 1915 te
1211 1862 1346 1915 nihil
1378 1860 1512 1916 effet

112 1945 364 1990 inventum.
424 1938 564 2004 Quae
617 1936 825 2007 singula
875 1951 1134 2005 quantum
1185 1937 1284 1988 tibi
1326 1936 1514 2006 gratiae

111 2003 357 2073 dispensata
387 2009 725 2076 adjecissent!
770 2012 841 2063 At
877 2025 936 2062 tu
972 2011 1134 2062 simul
1171 2008 1355 2062 omnia
1391 2026 1517 2078 pro-

112 2075 282 2145 fudisti,
320 2098 378 2135 ut
414 2085 496 2137 sol
519 2124 535 2146 ,
574 2100 633 2136 ut
676 2085 790 2137 dies
832 2100 942 2136 non
983 2098 1130 2151 parte
1171 2083 1390 2153 aliqua,
1426 2083 1517 2136 sed

113 2147 248 2230 statim
279 2171 419 2210 totus
452 2198 467 2222 ‚
507 2173 607 2209 nec
646 2159 742 2210 uni
778 2173 869 2210 aut
903 2157 1058 2210 alteri
1079 2195 1095 2221 ‚
1134 2157 1226 2212 sed
1264 2157 1518 2213 omnibus

113 2239 157 2275 ιιι
180 2242 444 2284 commune
482 2232 774 2299 profertur.
1106 2289 1107 2292 ,

167 2297 406 2358 XXXVI.
447 2306 627 2372 Quam
647 2305 796 2367 iuvat
828 2321 1045 2358 cernere
1079 2303 1323 2357 ararium
1353 2304 1521 2360 silem

115 2369 153 2422 &
170 2375 385 2441 quietum
409 2418 426 2443 ‚
454 2380 507 2432 δι
547 2381 700 2448 quale
737 2394 860 2430 ante
880 2380 1144 2430 delatores
1166 2393 1279 2430 erat
1309 2383 1321 2432 !
1364 2381 1522 2433 Nune

113 2453 332 2527 tcmplum
366 2454 502 2505 illud
537 2491 552 2516 ‚
600 2469 740 2505 nunc
778 2450 908 2504 ver'e
948 2453 1075 2504 deus
1098 2491 1114 2513 ,
1155 2468 1268 2503 non
1319 2453 1522 2521 spolia-

114 2534 224 2574 num
250 2525 449 2579 civium
474 2566 490 2590 ‚
528 2542 968 2595 cruentarumque
1002 2527 1293 2593 praedarum
1317 2527 1522 2579 saevum

112 2603 467 2665 receptaculum
489 2640 505 2662 ,
541 2617 601 2652 ac
636 2616 757 2653 toto
801 2602 860 2651 in
895 2601 1025 2652 orbe
1060 2614 1315 2651 terrarum
1354 2602 1523 2654 adhue

113 2667 235 2723 locus
279 2691 412 2726 unus
440 2714 456 2738 ,
500 2674 563 2726 in
611 2691 720 2743 quo
744 2714 762 2737 ‚
798 2674 1012 2742 optimo
1058 2672 1302 2741 Principe
1327 2711 1346 2737 ‚
1388 2673 1522 2727 boni

113 2743 237 2796 malis
271 2747 500 2816 impares
537 2746 720 2800 effent.
777 2748 964 2800 Manet
1007 2762 1187 2799 tamen
1225 2748 1403 2798 honor
1441 2749 1527 2800 le-

113 2830 214 2882 gum
233 2858 247 2882 ‚
281 2822 524 2890 nihilque
556 2839 628 2874 ex
649 2820 863 2891 publica
897 2820 1131 2874 utilitate
1167 2821 1524 2886 convulsum,

114 2903 193 2942 nec
216 2909 374 2961 poena
401 2899 652 2967 cuiquam
681 2892 890 2949 remiss‘a
908 2934 926 2963 ‚
946 2895 1040 2958 sed
1056 2894 1234 2950 addita
1252 2896 1329 2951 cst
1344 2894 1487 2951 ultio
1503 2930 1529 2962 0
