1951 3720
436 329 1065 409 Epzsrozff„
1114 340 1261 413 Lib.
1296 347 1348 416 1.
1498 371 1582 423 αι

160 452 252 493 net
285 480 302 505 ‚
340 441 495 498 habet
532 485 548 512 ‚
586 450 848 516 possidet.
885 457 1093 510 Audivi
1131 461 1309 513 causas
1346 477 1600 532 agentem.

162 514 343 580 acriter
366 518 418 569 δι
449 523 690 576 ardenter
711 563 726 587 ,
757 543 855 579 nec
885 530 1061 582 minus
1083 532 1257 599 polite
1292 535 1344 586 ὅ(
1367 537 1549 589 ornate
1570 576 1588 602 ,

165 587 273 639 sive
303 591 551 646 meditata
571 633 588 657 ‚
620 597 738 649 sive
767 599 936 653 subita
960 605 1240 671 proferret.
1274 607 1476 660 Adsunt
1504 626 1589 677 ap·

162 673 225 709 tae
255 664 549 734 crebraeque
587 669 859 725 sententiae
880 712 896 739 ‚
934 677 1111 744 gravis
1150 678 1203 729 δι
1231 680 1421 733 decora
1457 698 1589 741 con,-

159 730 363 787 struEtio
381 777 400 799 ‚
432 740 676 793 sonantia
702 747 862 798 verba
896 749 948 800 ὅ(
980 749 1212 819 antiqua.
1246 751 1446 805 Omnia
1475 755 1590 809 haec

158 805 285 858 mire
308 811 522 875 placent
547 852 562 877 ,
600 832 761 888 quum
795 819 1000 888 impetu
1031 825 1260 890 quodam
1284 825 1336 876 δι
1366 825 1589 881 flumine

156 883 566 945 praevehuntur·,
603 889 814 954 placent
837 931 851 956 ‚
889 893 937 945 si
972 895 1335 950 retractentur.
1377 901 1586 953 Senties

157 954 293 1018 quod
320 971 427 1025 ego
447 996 463 1021 ,
504 975 669 1027 quum
699 965 968 1019 orationes
1000 965 1114 1033 ejus
1144 968 1204 1021 in
1233 986 1416 1024 manus
1449 972 1586 1026 sum·

153 1025 311 1091 pseris
332 1046 350 1088 ·‚
378 1047 513 1098 quas
536 1033 691 1087 facile
713 1036 930 1091 cuilibet
953 1055 1197 1093 veterum
1218 1081 1233 1105 ,
1261 1061 1487 1113 quorum
1512 1047 1587 1098 est

153 1101 368 1154 aemulus
406 1141 421 1166 ‚
474 1110 823 1174 comparabis.
864 1112 1011 1164 Idem
1052 1128 1231 1167 tamen
1270 1118 1329 1170 in
1368 1116 1585 1172 historia

152 1172 312 1241 magis
348 1174 636 1232 satisfaciet
658 1220 674 1244 ,
716 1184 805 1234 vel
834 1184 1093 1238 brevitate
1117 1226 1133 1251 ,
1174 1190 1266 1241 vel
1294 1191 1410 1243 luce
1436 1229 1452 1254 ,
1493 1194 1585 1246 vel

150 1242 406 1300 suavitate
437 1287 454 1312 ,
507 1254 599 1304 vel
641 1253 917 1322 splendore
960 1258 1122 1310 etiam
1168 1261 1220 1312 ὅτ.
1264 1261 1585 1318 sublimitate

147 1321 409 1375 narrandi.
442 1324 584 1375 Nam
607 1324 664 1377 in
685 1328 1032 1383 concionibus
1061 1332 1202 1384 idem
1223 1371 1238 1397 ‚
1270 1334 1363 1402 qui
1392 1335 1450 1386 in
1474 1353 1587 1389 ora·

146 1389 386 1446 tionibus
409 1434 426 1459 ‚
467 1396 541 1448 est
573 1415 588 1450 ε
618 1401 854 1467 pressior
880 1416 1061 1456 tamen
1081 1444 1096 1469 ,
1135 1406 1189 1459 &
1217 1406 1584 1477 circumscrip-

145 1461 250 1516 tior
268 1505 288 1530 ,
321 1467 380 1520 &
402 1469 693 1525 adductior.
722 1474 974 1529 Praeterea
1004 1478 1335 1532 facitversus
1358 1518 1375 1543 ‚
1402 1485 1584 1549 quales

149 1538 391 1601 Catullus
416 1557 508 1594 aut
531 1546 746 1600 Calvus,
773 1549 1046 1615 Quantum
1077 1551 1184 1603 illis
1208 1552 1407 1620 leporis
1430 1591 1445 1617 ‚
1478 1557 1586 1608 dul-

143 1611 347 1666 cedinis
369 1653 386 1679 ,
413 1617 775 1673 amaritudinis
796 1660 811 1685 ,
836 1622 1034 1674 amoris
1062 1627 1073 1678 l
1102 1624 1290 1676 Inserit
1312 1624 1434 1678 sane
1454 1665 1471 1689 ‚
1497 1629 1586 1689 sed

144 1683 255 1737 data
309 1688 483 1755 opera
518 1728 533 1753 ‚
592 1693 840 1746 mollibus
890 1695 1199 1764 lenibusque
1257 1697 1588 1754 duriusculos

145 1760 446 1825 quosdam3
496 1763 548 1814 ὅ(
584 1764 687 1818 hoc
709 1804 726 1830 ,
775 1768 924 1835 quasi
962 1769 1199 1820 Catullus
1238 1784 1328 1821 aut
1366 1771 1584 1827 Calvus,

141 1829 297 1903 Legit
318 1833 463 1887 mihi
495 1852 665 1905 nuper
697 1839 941 1909 epistolas
971 1860 986 1894 z
1012 1840 1200 1894 uxoris
1229 1840 1331 1896 effe
1361 1842 1585 1903 dicebat.

141 1902 392 1961 Plautum
421 1911 514 1961 vel
532 1911 842 1965 Terentium
873 1928 1047 1967 metro
1078 1916 1308 1967 solutum
1339 1918 1448 1987 legi
1477 1935 1586 1972 cre-

143 1977 251 2032 didi
273 2000 290 2033 2
319 1998 444 2049 quae
475 1984 592 2038 sive
613 1986 800 2039 uxoris
831 1988 952 2040 sunt
970 2027 988 2052 ‚
1013 2003 1073 2040 ut
1091 1989 1309 2042 affirmat
1329 2030 1345 2055 ,
1372 1993 1489 2044 sive
1509 1993 1586 2062 ip·

144 2051 253 2106 sius
280 2093 296 2118 ,
328 2069 392 2106 ut
423 2073 582 2129 negat
604 2097 619 2121 ,
654 2060 772 2128 pari
802 2060 974 2130 gloria
1006 2062 1193 2131 dignus
1227 2063 1300 2115 est
1320 2102 1335 2126 ,
1374 2064 1466 2133 qui
1496 2080 1587 2118 aut

134 2122 232 2178 ina
255 2143 556 2197 componat
578 2170 594 2195 ‚
628 2147 717 2185 aut
735 2145 963 2187 uxorem
987 2172 1002 2197 ‚
1031 2151 1188 2203 quam
1215 2133 1483 2206 virginem
1506 2156 1592 2191 ac-

142 2199 286 2268 cepit
315 2240 332 2266 ,
378 2215 492 2257 tam
536 2204 745 2258 doCtam
785 2207 1118 2276 politamque
1159 2208 1458 2264 reddiderit.
1500 2211 1586 2264 Est

142 2287 273 2343 ergo
318 2292 534 2328 mecum
571 2295 668 2348 per
702 2279 842 2332 diem
881 2295 1057 2332 totum
1094 2300 1108 2333 :
1147 2283 1391 2334 eumdem
1430 2299 1582 2337 ante-

142 2362 304 2415 quam
329 2349 549 2403 scribam
570 2390 586 2414 ,
620 2354 864 2405 eumdem
894 2370 1057 2421 quum
1081 2352 1265 2422 scripsi
1287 2394 1303 2419 ,
1339 2359 1586 2411 eumdem

140 2421 309 2475 etiam
341 2440 508 2492 quum
538 2425 788 2478 remittor
804 2465 820 2490 ,
858 2443 972 2478 non
1001 2440 1271 2495 tamquam
1299 2431 1543 2483 eumdem
1564 2469 1583 2496 ,

138 2493 285 2564 lego.
330 2496 496 2563 Quod
530 2511 584 2550 te
622 2514 837 2567 quoque
872 2514 932 2551 ut
964 2499 1166 2568 facias,
1214 2502 1266 2553 ὅ(
1300 2503 1493 2556 hortor
1528 2506 1583 2558 δι

138 2583 367 2622 monem
391 2571 582 2638 Neque
611 2570 756 2624 enim
779 2573 930 2625 debet
956 2572 1204 2644 operibus
1226 2572 1340 2639 ejus
1369 2575 1544 2630 obeffe
1564 2617 1583 2644 ,

141 2640 289 2710 quod
317 2642 483 2695 vivit.
504 2643 604 2694 'An
634 2644 681 2695 si
712 2645 849 2697 inter
881 2661 978 2697 eos
1009 2649 1146 2715 quos
1176 2664 1463 2716 numquam
1492 2650 1581 2702 vi-

139 2713 320 2768 dimus
343 2753 360 2778 ‚
402 2715 664 2774 floruisset
686 2755 703 2781 ,
743 2734 856 2771 non
892 2717 1063 2770 solum
1095 2717 1261 2772 libros
1295 2720 1409 2787 ejus
1434 2761 1450 2785 ‚
1483 2738 1582 2776 ve-

139 2788 259 2841 nim
305 2788 467 2841 etiam
509 2788 771 2859 imagines
813 2791 1247 2859 conquireremus
1279 2810 1297 2853 ·‚
1346 2793 1579 2859 ejusdem

140 2876 283 2912 nunc
328 2862 512 2915 honor
547 2862 820 2931 praesentis
859 2866 912 2918 &
947 2865 1113 2934 gratia
1159 2866 1309 2934 quasi
1345 2866 1581 2920 satietate

139 2933 441 3009 languescet
466 2940 490 2993 ἓ
527 2936 599 2992 At
636 2937 742 2993 hoc
771 2954 1000 3009 pravum
1035 2937 1430 3014 malignumque
1466 2938 1538 2993 est
1560 2978 1578 3007 ‚
