1951 3720
371 340 459 418 54
722 321 973 389 CAH
1040 321 1448 392 ΡιιΝιι

360 449 476 488 tum
521 434 596 488 est
641 438 844 507 adeptis
871 479 886 505 ‚
935 440 1095 510 quim
1133 440 1645 512 concupiscentibus.
1702 439 1806 495 Me

359 509 555 577 prsedia
578 526 812 565 materna
834 531 1020 582 parum
1044 516 1328 570 commode
1352 517 1606 569 traQant:
1633 516 1806 567 delec-

359 595 474 664 tent
504 597 718 649 tame-114
752 601 814 638 ut
840 603 1121 648 .materna·‚
1161 591 1213 641 &
1247 590 1488 659 alioquin
1516 588 1678 658 long&
1714 603 1805 655 pa-

359 655 549 707 uentia
581 660 822 712 occallui.
858 663 1068 715 Habent
1091 665 1230 715 hunc
1247 662 1411 716 finem
1434 662 1654 716 assiduae
1676 676 1806 731 que·

362 731 486 780 relae
508 769 522 792 ,
556 728 699 797 qubd
728 734 880 800 queri
910 738 1091 804 pudet.
1129 738 1286 791 Vale.

450 843 628 897 XVI.
670 843 999 899 Furnos
1038 848 1606 913 Aumnvojuo
1647 846 1705 900 S.

357 956 444 1007 Dc
469 958 706 1008 codicillis
726 960 968 1010 Acilianis
998 953 1250 1028 respondet
1273 961 1564 1012 voluntatem
1590 956 1802 1029 legantis

777 1088 781 1095 ⁴
826 1032 918 1084 sibi
952 1052 1045 1102 pro
1080 1034 1184 1103 lege
1218 1032 1326 1100 effe.

359 1132 450 1226 T
472 1187 515 1226 υ
553 1173 767 1243 quidem
790 1191 889 1243 pro
915 1190 1088 1229 cetera
1111 1192 1200 1229 tua
1225 1174 1504 1247 ,diligentia
1541 1175 1808 1228 admones

357 1258 445 1294 me
467 1286 483 1310 ‚
519 1247 797 1301 codicillos
829 1248 1101 1313 Aciliani,
1135 1249 1227 1317 qui
1249 1267 1335 1303 me
1367 1266 1438 1301 ex
1473 1262 1622 1317 parte
1659 1245 1809 1300 insti·

356 1316 461 1371 tuit
494 1321 742 1373 heredem
764 1361 779 1385 ‚
820 1338 921 1390 pro
955 1340 1068 1375 non
1097 1321 1304 1390 scriptis
1340 1323 1608 1376 habendos
1631 1358 1646 1384 ‚
1671 1320 1807 1390 quia

356 1405 471 1443 non
510 1394 621 1446 sint
658 1394 962 1447 confirmati
1005 1395 1335 1450 testamento.
1395 1396 1559 1462 Quod
1603 1392 1688 1459 jus
1736 1410 1807 1447 ne

286 1528 287 1533 ¹
318 1490 321 1491 ⁷
357 1462 492 1517 mihi
531 1467 742 1535 quidem
785 1468 1033 1537 ignotum
1061 1469 1171 1533 est,
1213 1486 1378 1538 quum
1417 1468 1489 1520 sit
1524 1466 1591 1519 iis
1634 1465 1807 1518 etiam

355 1552 546 1591 notum
569 1580 584 1604 ‚
609 1540 702 1610 qui
722 1541 857 1594 nihil
881 1543 1023 1596 aliud
1051 1543 1222 1595 sciunt
1246 1563 1258 1595 ε
1286 1544 1374 1595 sed
1393 1558 1496 1611 ego
1524 1540 1807 1609 propriam

354 1615 633 1678 quamdam
657 1617 830 1684 legem
854 1614 990 1668 mihi
1019 1615 1169 1679 dixi,
1209 1631 1269 1668 ut
1300 1614 1664 1668 detunctorum
1702 1629 1810 1665 vo-

351 1685 583 1745 luntates
605 1728 620 1752 ‚
663 1688 876 1741 etiamsi
918 1688 1033 1753 jure
1069 1688 1418 1741 deficerentur
1442 1727 1457 1751 ‚
1496 1686 1648 1755 quasi
1684 1703 1810 1756 per·

351 1757 512 1813 feCkas
537 1777 729 1815 tuerer.
767 1762 985 1815 Constat
1015 1777 1192 1815 autem
1228 1761 1506 1814 codicillos
1531 1759 1657 1812 istos
1678 1757 1807 1811 Aci-

347 1832 484 1887 liani
517 1852 676 1889 manu
705 1835 948 1905 scriptos,
984 1835 1133 1889 Lic'et
1164 1853 1293 1905 ergo
1324 1852 1435 1888 non
1467 1835 1575 1887 sint
1607 1831 1808 1886 confir-

353 1909 484 1960 mati
506 1909 814 1964 testamento
830 1950 846 1974 ‚
867 1927 896 1962 a
915 1928 1001 1963 me
1023 1926 1200 1964 tamen
1221 1925 1280 1962 ut
1300 1906 1601 1962 confirmati
1622 1907 1805 1959 obser·

354 1983 650 2043 vabuntur3
679 1983 971 2051 praesertim
1015 2001 1178 2053 quum
1222 1984 1444 2036 delatori
1484 1984 1636 2034 locus
1685 1995 1807 2032 non

352 2056 441 2108 sit.
481 2058 618 2108 Nam
656 2057 705 2109 si
737 2059 1032 2109 verendum
1062 2056 1217 2120 estet,
1253 2074 1320 2107 ne
1341 2056 1485 2124 quod
1507 2070 1610 2123 ego
1634 2052 1807 2106 dedis·

352 2128 463 2180 sem
498 2169 513 2193 ‚
553 2131 787 2197 populus
833 2129 1065 2198 eriperet
1095 2169 1110 2193 ‚
1154 2129 1448 2184 cunGatior
1488 2124 1700 2180 fortafl‘e
1748 2126 1805 2179 δε
1841 2189 1848 2194 ³

350 2202 558 2256 cautior
596 2202 700 2256 effe
734 2204 1012 2255 deberem:
1046 2220 1209 2271 quum
1248 2200 1383 2255 verb
1425 2201 1581 2253 liceat
1615 2197 1806 2251 heredi

353 2276 554 2330 donare
576 2278 722 2345 quod
741 2275 797 2328 in
815 2276 1105 2329 hereditate
1128 2276 1353 2328 subsedit
1373 2315 1387 2338 ,
1409 2274 1542 2325 nihil
1566 2271 1640 2325 est
1652 2272 1806 2340 quod

353 2350 520 2403 obstet
544 2351 624 2403 ini
644 2368 775 2409 meae
797 2350 940 2419 legi,
967 2350 1053 2403 cui
1083 2349 1304 2418 publicae
1336 2353 1480 2419 leges
1510 2362 1625 2399 non
1646 2361 1804 2413 repu-

355 2438 536 2495 gnant.
565 2426 722 2479 Vale.

483 2536 696 2590 XVII.
738 2535 1071 2591 Fuluus
1115 2536 1382 2590 GALLO
1421 2548 1571 2587 suo
1611 2534 1670 2589 S.

570 2646 821 2716 Describit
856 2650 1025 2700 villam
1049 2646 1183 2717 suam
1217 2647 1575 2700 Laurentinum.

361 2757 470 2850 Μ
491 2807 513 2843 1
531 2807 567 2845 n
584 2806 624 2844 A
641 2806 681 2844 R
696 2807 719 2844 1
735 2807 762 2844 s
802 2810 895 2845 cur
933 2810 1021 2845 me
1046 2793 1425 2846 Laurentinum
1447 2830 1462 2855 ‚
1500 2793 1592 2844 vel
1614 2831 1630 2855 ‚
1652 2791 1700 2845 si
1725 2793 1798 2846 ita

356 2866 529 2919 mavis
567 2906 583 2930 ‚
629 2868 861 2919 Laurens
914 2884 1094 2918 meum
1136 2882 1288 2919 tanto
1337 2882 1500 2934 opere
1551 2865 1797 2920 delectet.

357 2941 587 3017 Desines
610 2939 789 2995 mirari
805 2980 820 3005 ‚
841 2957 1003 3011 quum
1030 2940 1352 3012 cognoveris
1376 2937 1599 3012 gratiam
1617 2938 1765 2994 viuae
1779 2976 1797 3004 .
