<?xml version="1.0" encoding="UTF-8"?>
<!DOCTYPE html PUBLIC "-//W3C//DTD XHTML 1.0 Transitional//EN"
    "http://www.w3.org/TR/xhtml1/DTD/xhtml1-transitional.dtd">
<html xmlns="http://www.w3.org/1999/xhtml" xml:lang="en" lang="en">
 <head>
  <title>
</title>
<meta http-equiv="Content-Type" content="text/html;charset=utf-8" />
  <meta name='ocr-system' content='tesseract 3.04.00' />
  <meta name='ocr-capabilities' content='ocr_page ocr_carea ocr_par ocr_line ocrx_word'/>
</head>
<body>
  <div class='ocr_page' id='page_1' title='image "./panegyricus00lallgoog_0134.png"; bbox 0 0 1951 3720; ppageno 0'>
   <div class='ocr_carea' id='block_1_1' title="bbox 368 340 1461 420">
    <p class='ocr_par' dir='ltr' id='par_1_1' title="bbox 368 340 1461 420">
     <span class='ocr_line' id='line_1_1' title="bbox 368 340 1461 420; baseline -0.009 -1"><span class='ocrx_word' id='word_1_1' title='bbox 368 367 501 420; x_wconf 79' lang='grc' dir='ltr'>ιω..</span> <span class='ocrx_word' id='word_1_2' title='bbox 696 341 961 416; x_wconf 72' lang='lat' dir='ltr'><em>CAII,</em></span> <span class='ocrx_word' id='word_1_3' title='bbox 1037 340 1461 410; x_wconf 72' lang='grc' dir='ltr'>Ριιινιι·</span> 
     </span>
    </p>
   </div>
   <div class='ocr_carea' id='block_1_2' title="bbox 355 460 1797 754">
    <p class='ocr_par' dir='ltr' id='par_1_2' title="bbox 355 460 1797 754">
     <span class='ocr_line' id='line_1_2' title="bbox 355 460 1797 534; baseline 0 -17"><span class='ocrx_word' id='word_1_4' title='bbox 355 463 580 533; x_wconf 64' lang='lat' dir='ltr'>epistola</span> <span class='ocrx_word' id='word_1_5' title='bbox 631 463 911 534; x_wconf 66' lang='lat' dir='ltr'>praloqui.</span> <span class='ocrx_word' id='word_1_6' title='bbox 975 461 1214 532; x_wconf 86' lang='lat' dir='ltr'>Oportet</span> <span class='ocrx_word' id='word_1_7' title='bbox 1264 460 1412 517; x_wconf 82' lang='lat' dir='ltr'>enim</span> <span class='ocrx_word' id='word_1_8' title='bbox 1449 475 1551 516; x_wconf 80' lang='lat' dir='ltr'>nos</span> <span class='ocrx_word' id='word_1_9' title='bbox 1600 461 1661 515; x_wconf 89' lang='lat' dir='ltr'>in</span> <span class='ocrx_word' id='word_1_10' title='bbox 1699 463 1797 517; x_wconf 81' lang='lat' dir='ltr'>hac</span> 
     </span>
     <span class='ocr_line' id='line_1_3' title="bbox 357 534 1793 607; baseline -0.003 -14"><span class='ocrx_word' id='word_1_11' title='bbox 357 537 537 603; x_wconf 73' lang='lat' dir='ltr'>certe,</span> <span class='ocrx_word' id='word_1_12' title='bbox 575 539 633 590; x_wconf 86' lang='lat' dir='ltr'>in</span> <span class='ocrx_word' id='word_1_13' title='bbox 680 556 783 607; x_wconf 88' lang='lat' dir='ltr'>qua</span> <span class='ocrx_word' id='word_1_14' title='bbox 818 536 1091 605; x_wconf 82' lang='lat' dir='ltr'>poffumus</span> <span class='ocrx_word' id='word_1_15' title='bbox 1114 577 1128 601; x_wconf 90' lang='lat'>,</span> <span class='ocrx_word' id='word_1_16' title='bbox 1172 538 1360 590; x_wconf 83' lang='lat' dir='ltr'>breves</span> <span class='ocrx_word' id='word_1_17' title='bbox 1399 536 1500 590; x_wconf 83' lang='lat' dir='ltr'>effe</span> <span class='ocrx_word' id='word_1_18' title='bbox 1527 575 1541 600; x_wconf 90' lang='lat'><strong>‚</strong></span> <span class='ocrx_word' id='word_1_19' title='bbox 1581 534 1690 606; x_wconf 74' lang='lat' dir='ltr'>quo</span> <span class='ocrx_word' id='word_1_20' title='bbox 1725 537 1793 589; x_wconf 85' lang='lat' dir='ltr'>sit</span> 
     </span>
     <span class='ocr_line' id='line_1_4' title="bbox 358 609 1795 681; baseline -0.001 -18"><span class='ocrx_word' id='word_1_21' title='bbox 358 611 655 665; x_wconf 81' lang='lat' dir='ltr'>excusatius</span> <span class='ocrx_word' id='word_1_22' title='bbox 673 652 687 676; x_wconf 88' lang='lat'><strong>‚</strong></span> <span class='ocrx_word' id='word_1_23' title='bbox 720 609 863 681; x_wconf 75' lang='lat' dir='ltr'>quod</span> <span class='ocrx_word' id='word_1_24' title='bbox 881 612 1077 664; x_wconf 86' lang='lat' dir='ltr'>librum</span> <span class='ocrx_word' id='word_1_25' title='bbox 1094 612 1267 679; x_wconf 90' lang='lat' dir='ltr'>ipsum</span> <span class='ocrx_word' id='word_1_26' title='bbox 1285 651 1301 675; x_wconf 84' lang='lat'>‚</span> <span class='ocrx_word' id='word_1_27' title='bbox 1330 625 1447 663; x_wconf 83' lang='lat' dir='ltr'>non</span> <span class='ocrx_word' id='word_1_28' title='bbox 1465 626 1645 663; x_wconf 88' lang='lat' dir='ltr'>tamen</span> <span class='ocrx_word' id='word_1_29' title='bbox 1664 613 1795 664; x_wconf 70' lang='lat' dir='ltr'>ultra</span> 
     </span>
     <span class='ocr_line' id='line_1_5' title="bbox 358 685 1580 754; baseline -0.002 -16"><span class='ocrx_word' id='word_1_30' title='bbox 358 685 524 738; x_wconf 83' lang='lat' dir='ltr'>causae</span> <span class='ocrx_word' id='word_1_31' title='bbox 554 685 963 754; x_wconf 83' lang='lat' dir='ltr'>amplitudinem</span> <span class='ocrx_word' id='word_1_32' title='bbox 984 724 998 749; x_wconf 90' lang='lat'>,</span> <span class='ocrx_word' id='word_1_33' title='bbox 1032 685 1388 738; x_wconf 83' lang='lat' dir='ltr'>extendimus.</span> <span class='ocrx_word' id='word_1_34' title='bbox 1423 685 1580 739; x_wconf 84' lang='lat' dir='ltr'><strong>Vale.</strong></span> 
     </span>
    </p>
   </div>
   <div class='ocr_carea' id='block_1_3' title="bbox 517 804 1646 862">
    <p class='ocr_par' dir='ltr' id='par_1_3' title="bbox 517 804 1646 862">
     <span class='ocr_line' id='line_1_6' title="bbox 517 804 1646 862; baseline -0.001 -2"><span class='ocrx_word' id='word_1_35' title='bbox 517 806 629 862; x_wconf 85' lang='lat' dir='ltr'>VI.</span> <span class='ocrx_word' id='word_1_36' title='bbox 670 805 1004 860; x_wconf 70' lang='grc' dir='ltr'>Ριιιτιυε</span> <span class='ocrx_word' id='word_1_37' title='bbox 1042 807 1355 859; x_wconf 72' lang='grc' dir='ltr'>ΝΛεοιτι</span> <span class='ocrx_word' id='word_1_38' title='bbox 1398 817 1546 858; x_wconf 82' lang='lat' dir='ltr'>suo</span> <span class='ocrx_word' id='word_1_39' title='bbox 1586 804 1646 860; x_wconf 83' lang='lat' dir='ltr'>S.</span> 
     </span>
    </p>
   </div>
   <div class='ocr_carea' id='block_1_4' title="bbox 435 920 1732 1091">
    <p class='ocr_par' dir='ltr' id='par_1_4' title="bbox 435 920 1732 1091">
     <span class='ocr_line' id='line_1_7' title="bbox 435 920 1732 995; baseline -0.004 -14"><span class='ocrx_word' id='word_1_40' title='bbox 435 927 622 981; x_wconf 76' lang='lat' dir='ltr'>Villam</span> <span class='ocrx_word' id='word_1_41' title='bbox 659 927 998 991; x_wconf 72' lang='lat' dir='ltr'>Laurentinum</span> <span class='ocrx_word' id='word_1_42' title='bbox 1042 926 1434 995; x_wconf 67' lang='lat' dir='ltr'>propeefl&#39;studia</span> <span class='ocrx_word' id='word_1_43' title='bbox 1466 924 1601 975; x_wconf 72' lang='lat' dir='ltr'>villis</span> <span class='ocrx_word' id='word_1_44' title='bbox 1630 920 1732 993; x_wconf 69' lang='lat' dir='ltr'>[uie</span> 
     </span>
     <span class='ocr_line' id='line_1_8' title="bbox 872 1022 1290 1091; baseline 0 -17"><span class='ocrx_word' id='word_1_45' title='bbox 872 1023 1039 1075; x_wconf 75' lang='lat' dir='ltr'>ceteris</span> <span class='ocrx_word' id='word_1_46' title='bbox 1075 1022 1290 1091; x_wconf 72' lang='lat' dir='ltr'>praeftrt.</span> 
     </span>
    </p>
   </div>
   <div class='ocr_carea' id='block_1_5' title="bbox 356 1113 1814 1959">
    <p class='ocr_par' dir='ltr' id='par_1_5' title="bbox 356 1113 1814 1956">
     <span class='ocr_line' id='line_1_9' title="bbox 361 1113 1801 1218; baseline -0.006 -13"><span class='ocrx_word' id='word_1_47' title='bbox 361 1113 452 1206; x_wconf 82' lang='lat' dir='ltr'>T</span> <span class='ocrx_word' id='word_1_48' title='bbox 477 1158 519 1201; x_wconf 77' lang='lat' dir='ltr'>U</span> <span class='ocrx_word' id='word_1_49' title='bbox 538 1163 564 1201; x_wconf 80' lang='lat' dir='ltr'>s</span> <span class='ocrx_word' id='word_1_50' title='bbox 586 1161 620 1201; x_wconf 90' lang='lat' dir='ltr'>c</span> <span class='ocrx_word' id='word_1_51' title='bbox 638 1161 661 1200; x_wconf 92' lang='lat'>1</span> <span class='ocrx_word' id='word_1_52' title='bbox 700 1145 953 1218; x_wconf 81' lang='lat' dir='ltr'>grandine</span> <span class='ocrx_word' id='word_1_53' title='bbox 990 1145 1202 1199; x_wconf 81' lang='lat' dir='ltr'>excussi</span> <span class='ocrx_word' id='word_1_54' title='bbox 1226 1185 1241 1209; x_wconf 91' lang='lat'>‚</span> <span class='ocrx_word' id='word_1_55' title='bbox 1267 1144 1328 1198; x_wconf 87' lang='lat' dir='ltr'>in</span> <span class='ocrx_word' id='word_1_56' title='bbox 1361 1146 1580 1216; x_wconf 86' lang='lat' dir='ltr'>regione</span> <span class='ocrx_word' id='word_1_57' title='bbox 1611 1144 1801 1198; x_wconf 86' lang='lat' dir='ltr'>Trans·</span> 
     </span>
     <span class='ocr_line' id='line_1_10' title="bbox 356 1218 1807 1291; baseline -0.002 -18"><span class='ocrx_word' id='word_1_58' title='bbox 356 1224 560 1291; x_wconf 78' lang='lat' dir='ltr'>padana</span> <span class='ocrx_word' id='word_1_59' title='bbox 596 1224 800 1275; x_wconf 85' lang='lat' dir='ltr'>summa</span> <span class='ocrx_word' id='word_1_60' title='bbox 829 1220 1185 1283; x_wconf 84' lang='lat' dir='ltr'>abundantia,</span> <span class='ocrx_word' id='word_1_61' title='bbox 1224 1221 1314 1272; x_wconf 90' lang='lat' dir='ltr'>sed</span> <span class='ocrx_word' id='word_1_62' title='bbox 1341 1236 1435 1287; x_wconf 89' lang='lat' dir='ltr'>par</span> <span class='ocrx_word' id='word_1_63' title='bbox 1465 1218 1654 1272; x_wconf 85' lang='lat' dir='ltr'>vilitas</span> <span class='ocrx_word' id='word_1_64' title='bbox 1680 1234 1807 1271; x_wconf 87' lang='grc' dir='ltr'>ιιιιιι</span> 
     </span>
     <span class='ocr_line' id='line_1_11' title="bbox 360 1293 1804 1350; baseline -0.001 -4"><span class='ocrx_word' id='word_1_65' title='bbox 360 1295 555 1349; x_wconf 85' lang='lat' dir='ltr'>tiatur:</span> <span class='ocrx_word' id='word_1_66' title='bbox 582 1297 755 1350; x_wconf 85' lang='lat' dir='ltr'>solum</span> <span class='ocrx_word' id='word_1_67' title='bbox 775 1295 914 1348; x_wconf 80' lang='lat' dir='ltr'>mihi</span> <span class='ocrx_word' id='word_1_68' title='bbox 931 1294 1310 1346; x_wconf 78' lang='lat' dir='ltr'>Laurentinum</span> <span class='ocrx_word' id='word_1_69' title='bbox 1331 1310 1509 1346; x_wconf 87' lang='lat' dir='ltr'>meum</span> <span class='ocrx_word' id='word_1_70' title='bbox 1529 1293 1589 1346; x_wconf 85' lang='lat' dir='ltr'>in</span> <span class='ocrx_word' id='word_1_71' title='bbox 1612 1293 1804 1347; x_wconf 80' lang='lat' dir='ltr'>reditu.</span> 
     </span>
     <span class='ocr_line' id='line_1_12' title="bbox 359 1365 1803 1439; baseline -0.003 -18"><span class='ocrx_word' id='word_1_72' title='bbox 359 1369 510 1422; x_wconf 82' lang='lat' dir='ltr'>Nihil</span> <span class='ocrx_word' id='word_1_73' title='bbox 544 1388 598 1439; x_wconf 91' lang='lat' dir='ltr'>q</span> <span class='ocrx_word' id='word_1_74' title='bbox 587 1368 759 1422; x_wconf 85' lang='lat' dir='ltr'>1idern</span> <span class='ocrx_word' id='word_1_75' title='bbox 780 1370 852 1421; x_wconf 90' lang='lat' dir='ltr'>ibi</span> <span class='ocrx_word' id='word_1_76' title='bbox 875 1369 1130 1437; x_wconf 85' lang='lat' dir='ltr'>possideo</span> <span class='ocrx_word' id='word_1_77' title='bbox 1151 1382 1343 1435; x_wconf 78' lang='lat' dir='ltr'>praeter</span> <span class='ocrx_word' id='word_1_78' title='bbox 1370 1365 1567 1419; x_wconf 74' lang='lat' dir='ltr'>tectum</span> <span class='ocrx_word' id='word_1_79' title='bbox 1605 1368 1660 1418; x_wconf 80' lang='grc' dir='ltr'>δι</span> <span class='ocrx_word' id='word_1_80' title='bbox 1682 1368 1803 1417; x_wconf 87' lang='lat' dir='ltr'>hor·</span> 
     </span>
     <span class='ocr_line' id='line_1_13' title="bbox 357 1438 1805 1510; baseline -0.002 -17"><span class='ocrx_word' id='word_1_81' title='bbox 357 1452 515 1506; x_wconf 83' lang='lat' dir='ltr'>tum,</span> <span class='ocrx_word' id='word_1_82' title='bbox 552 1443 829 1510; x_wconf 87' lang='lat' dir='ltr'>statimque</span> <span class='ocrx_word' id='word_1_83' title='bbox 871 1458 1101 1495; x_wconf 85' lang='lat' dir='ltr'>arenas:</span> <span class='ocrx_word' id='word_1_84' title='bbox 1140 1442 1312 1493; x_wconf 81' lang='lat' dir='ltr'>solum</span> <span class='ocrx_word' id='word_1_85' title='bbox 1350 1454 1529 1493; x_wconf 87' lang='lat' dir='ltr'>tamen</span> <span class='ocrx_word' id='word_1_86' title='bbox 1564 1439 1705 1491; x_wconf 85' lang='lat' dir='ltr'>mihi</span> <span class='ocrx_word' id='word_1_87' title='bbox 1750 1438 1805 1491; x_wconf 87' lang='lat' dir='ltr'>in</span> 
     </span>
     <span class='ocr_line' id='line_1_14' title="bbox 357 1513 1804 1584; baseline -0.002 -17"><span class='ocrx_word' id='word_1_88' title='bbox 357 1516 550 1570; x_wconf 82' lang='lat' dir='ltr'>reditu.</span> <span class='ocrx_word' id='word_1_89' title='bbox 604 1518 683 1569; x_wconf 88' lang='lat' dir='ltr'>lbi</span> <span class='ocrx_word' id='word_1_90' title='bbox 721 1516 866 1568; x_wconf 87' lang='lat' dir='ltr'>enim</span> <span class='ocrx_word' id='word_1_91' title='bbox 907 1514 1199 1584; x_wconf 66' lang='lat' dir='ltr'>plurimum</span> <span class='ocrx_word' id='word_1_92' title='bbox 1236 1513 1446 1567; x_wconf 81' lang='lat' dir='ltr'>scribo,</span> <span class='ocrx_word' id='word_1_93' title='bbox 1479 1529 1580 1566; x_wconf 87' lang='lat' dir='ltr'>nec</span> <span class='ocrx_word' id='word_1_94' title='bbox 1628 1515 1804 1583; x_wconf 80' lang='lat' dir='ltr'>agrum&#39;</span> 
     </span>
     <span class='ocr_line' id='line_1_15' title="bbox 360 1586 1805 1662; baseline -0.004 -18"><span class='ocrx_word' id='word_1_95' title='bbox 360 1588 396 1662; x_wconf 86' lang='grc'>(</span> <span class='ocrx_word' id='word_1_96' title='bbox 405 1607 564 1659; x_wconf 89' lang='lat' dir='ltr'>quem</span> <span class='ocrx_word' id='word_1_97' title='bbox 587 1607 699 1642; x_wconf 87' lang='lat' dir='ltr'>non</span> <span class='ocrx_word' id='word_1_98' title='bbox 716 1591 929 1658; x_wconf 88' lang='lat' dir='ltr'>habeo)</span> <span class='ocrx_word' id='word_1_99' title='bbox 959 1592 1049 1643; x_wconf 87' lang='lat' dir='ltr'>sed</span> <span class='ocrx_word' id='word_1_100' title='bbox 1068 1589 1240 1657; x_wconf 87' lang='lat' dir='ltr'>ipsum</span> <span class='ocrx_word' id='word_1_101' title='bbox 1260 1604 1346 1639; x_wconf 87' lang='lat' dir='ltr'>me</span> <span class='ocrx_word' id='word_1_102' title='bbox 1370 1586 1551 1639; x_wconf 87' lang='lat' dir='ltr'>studiis</span> <span class='ocrx_word' id='word_1_103' title='bbox 1572 1588 1805 1645; x_wconf 85' lang='lat' dir='ltr'>excolo,</span> 
     </span>
     <span class='ocr_line' id='line_1_16' title="bbox 359 1660 1814 1732; baseline -0.001 -18"><span class='ocrx_word' id='word_1_104' title='bbox 359 1679 421 1714; x_wconf 83' lang='lat' dir='ltr'>ac</span> <span class='ocrx_word' id='word_1_105' title='bbox 470 1663 576 1730; x_wconf 84' lang='lat' dir='ltr'>jam</span> <span class='ocrx_word' id='word_1_106' title='bbox 617 1663 824 1732; x_wconf 85' lang='lat' dir='ltr'>poffum</span> <span class='ocrx_word' id='word_1_107' title='bbox 859 1664 995 1726; x_wconf 82' lang='lat' dir='ltr'>tibi,</span> <span class='ocrx_word' id='word_1_108' title='bbox 1033 1678 1092 1714; x_wconf 90' lang='lat' dir='ltr'>ut</span> <span class='ocrx_word' id='word_1_109' title='bbox 1129 1662 1246 1714; x_wconf 85' lang='lat' dir='ltr'>aliis</span> <span class='ocrx_word' id='word_1_110' title='bbox 1283 1661 1346 1713; x_wconf 87' lang='lat' dir='ltr'>in</span> <span class='ocrx_word' id='word_1_111' title='bbox 1382 1660 1519 1714; x_wconf 83' lang='lat' dir='ltr'>locis</span> <span class='ocrx_word' id='word_1_112' title='bbox 1555 1660 1814 1714; x_wconf 78' lang='lat' dir='ltr'>horreum</span> 
     </span>
     <span class='ocr_line' id='line_1_17' title="bbox 360 1703 1812 1810; baseline -0.003 -21"><span class='ocrx_word' id='word_1_113' title='bbox 360 1733 617 1810; x_wconf 68' lang='lat' dir='ltr'>plenum,</span> <span class='ocrx_word' id='word_1_114' title='bbox 656 1738 735 1790; x_wconf 89' lang='lat' dir='ltr'>sic</span> <span class='ocrx_word' id='word_1_115' title='bbox 783 1736 859 1790; x_wconf 88' lang='lat' dir='ltr'>ibi</span> <span class='ocrx_word' id='word_1_116' title='bbox 896 1703 1149 1789; x_wconf 77' lang='lat' dir='ltr'>scrinium</span> <span class='ocrx_word' id='word_1_117' title='bbox 1188 1732 1478 1789; x_wconf 86' lang='lat' dir='ltr'>ostendere.</span> <span class='ocrx_word' id='word_1_118' title='bbox 1535 1733 1712 1804; x_wconf 86' lang='lat' dir='ltr'>Igitur</span> <span class='ocrx_word' id='word_1_119' title='bbox 1749 1747 1812 1786; x_wconf 82' lang='lat' dir='ltr'>tu</span> 
     </span>
     <span class='ocr_line' id='line_1_18' title="bbox 361 1805 1814 1883; baseline -0.002 -20"><span class='ocrx_word' id='word_1_120' title='bbox 361 1828 613 1883; x_wconf 69' lang='lat' dir='ltr'>quoque,</span> <span class='ocrx_word' id='word_1_121' title='bbox 638 1811 685 1864; x_wconf 83' lang='lat' dir='ltr'>si</span> <span class='ocrx_word' id='word_1_122' title='bbox 705 1811 929 1867; x_wconf 78' lang='lat' dir='ltr'>certa&amp;</span> <span class='ocrx_word' id='word_1_123' title='bbox 939 1809 1213 1868; x_wconf 63' lang='lat' dir='ltr'>fructuosa</span> <span class='ocrx_word' id='word_1_124' title='bbox 1231 1809 1425 1877; x_wconf 69' lang='lat' dir='ltr'>pradia</span> <span class='ocrx_word' id='word_1_125' title='bbox 1442 1805 1814 1883; x_wconf 47' lang='lat' dir='ltr'>concupiscis*</span> 
     </span>
     <span class='ocr_line' id='line_1_19' title="bbox 360 1885 1352 1959; baseline -0.001 -23"><span class='ocrx_word' id='word_1_126' title='bbox 360 1885 603 1959; x_wconf 80' lang='lat' dir='ltr'>aliquid</span> <span class='ocrx_word' id='word_1_127' title='bbox 589 1904 647 1938; x_wconf 87' lang='lat' dir='ltr'><strong>m</strong></span> <span class='ocrx_word' id='word_1_128' title='bbox 668 1886 772 1939; x_wconf 91' lang='lat' dir='ltr'>hoc</span> <span class='ocrx_word' id='word_1_129' title='bbox 796 1886 983 1939; x_wconf 86' lang='lat' dir='ltr'>littore</span> <span class='ocrx_word' id='word_1_130' title='bbox 1002 1901 1146 1954; x_wconf 86' lang='lat' dir='ltr'>para.</span> <span class='ocrx_word' id='word_1_131' title='bbox 1193 1885 1352 1937; x_wconf 83' lang='lat' dir='ltr'>Vale.</span> 
     </span>
    </p>
   </div>
   <div class='ocr_carea' id='block_1_6' title="bbox 399 2004 1670 2091">
    <p class='ocr_par' dir='ltr' id='par_1_6' title="bbox 399 2004 1670 2091">
     <span class='ocr_line' id='line_1_20' title="bbox 399 2004 1670 2091; baseline 0.001 -34"><span class='ocrx_word' id='word_1_132' title='bbox 399 2086 406 2091; x_wconf 17' lang='grc' dir='ltr'>θ</span> <span class='ocrx_word' id='word_1_133' title='bbox 511 2005 659 2060; x_wconf 85' lang='lat' dir='ltr'><strong>Vll.</strong></span> <span class='ocrx_word' id='word_1_134' title='bbox 700 2006 1373 2059; x_wconf 45' lang='lat' dir='ltr'>PL1N1us&lt;LE1⁸1Do</span> <span class='ocrx_word' id='word_1_135' title='bbox 1417 2015 1564 2056; x_wconf 80' lang='lat' dir='ltr'>suo</span> <span class='ocrx_word' id='word_1_136' title='bbox 1609 2004 1670 2058; x_wconf 88' lang='lat' dir='ltr'>S.</span> 
     </span>
    </p>
   </div>
   <div class='ocr_carea' id='block_1_7' title="bbox 437 2102 1755 2294">
    <p class='ocr_par' dir='ltr' id='par_1_7' title="bbox 437 2102 1755 2294">
     <span class='ocr_line' id='line_1_21' title="bbox 437 2102 1755 2198; baseline -0.003 -16"><span class='ocrx_word' id='word_1_137' title='bbox 437 2127 628 2182; x_wconf 76' lang='lat' dir='ltr'>Narrat</span> <span class='ocrx_word' id='word_1_138' title='bbox 648 2122 856 2198; x_wconf 76' lang='lat' dir='ltr'>insanias</span> <span class='ocrx_word' id='word_1_139' title='bbox 881 2125 1060 2194; x_wconf 76' lang='lat' dir='ltr'>Reguli</span> <span class='ocrx_word' id='word_1_140' title='bbox 1091 2126 1141 2175; x_wconf 82' lang='lat' dir='ltr'>in</span> <span class='ocrx_word' id='word_1_141' title='bbox 1177 2125 1418 2177; x_wconf 76' lang='lat' dir='ltr'>laudando</span> <span class='ocrx_word' id='word_1_142' title='bbox 1444 2124 1489 2177; x_wconf 74' lang='grc'>6·</span> <span class='ocrx_word' id='word_1_143' title='bbox 1520 2102 1755 2179; x_wconf 62' lang='lat' dir='ltr'>ornando-</span> 
     </span>
     <span class='ocr_line' id='line_1_22' title="bbox 787 2219 1373 2294; baseline -0.002 -19"><span class='ocrx_word' id='word_1_144' title='bbox 787 2224 928 2294; x_wconf 75' lang='lat' dir='ltr'>ftlio.</span> <span class='ocrx_word' id='word_1_145' title='bbox 981 2221 1108 2275; x_wconf 63' lang='lat' dir='ltr'>Vide</span> <span class='ocrx_word' id='word_1_146' title='bbox 1136 2219 1228 2290; x_wconf 75' lang='lat' dir='ltr'>sup</span> <span class='ocrx_word' id='word_1_147' title='bbox 1236 2222 1298 2272; x_wconf 71' lang='lat' dir='ltr'>rc&#39;t</span> <span class='ocrx_word' id='word_1_148' title='bbox 1321 2236 1373 2274; x_wconf 87' lang='lat'>2.</span> 
     </span>
    </p>
   </div>
   <div class='ocr_carea' id='block_1_8' title="bbox 311 2323 1819 3032">
    <p class='ocr_par' dir='ltr' id='par_1_8' title="bbox 311 2323 1819 3032">
     <span class='ocr_line' id='line_1_23' title="bbox 366 2323 1809 2439; baseline -0.001 -13"><span class='ocrx_word' id='word_1_149' title='bbox 366 2337 429 2431; x_wconf 80' lang='lat' dir='ltr'>S</span> <span class='ocrx_word' id='word_1_150' title='bbox 451 2382 504 2426; x_wconf 61' lang='grc' dir='ltr'>Α.</span> <span class='ocrx_word' id='word_1_151' title='bbox 520 2386 602 2424; x_wconf 70' lang='lat' dir='ltr'>PE</span> <span class='ocrx_word' id='word_1_152' title='bbox 632 2369 732 2423; x_wconf 88' lang='lat' dir='ltr'>tibi</span> <span class='ocrx_word' id='word_1_153' title='bbox 764 2369 886 2423; x_wconf 88' lang='lat' dir='ltr'>dico</span> <span class='ocrx_word' id='word_1_154' title='bbox 911 2323 1074 2422; x_wconf 81' lang='lat' dir='ltr'>ineffe</span> <span class='ocrx_word' id='word_1_155' title='bbox 1094 2369 1214 2425; x_wconf 79' lang='lat' dir='ltr'>vim</span> <span class='ocrx_word' id='word_1_156' title='bbox 1241 2369 1471 2439; x_wconf 72' lang='lat' dir='ltr'>Regale.</span> <span class='ocrx_word' id='word_1_157' title='bbox 1506 2368 1718 2423; x_wconf 83' lang='lat' dir='ltr'><strong>Mirum</strong></span> <span class='ocrx_word' id='word_1_158' title='bbox 1739 2369 1809 2424; x_wconf 78' lang='lat' dir='ltr'>est</span> 
     </span>
     <span class='ocr_line' id='line_1_24' title="bbox 365 2442 1811 2515; baseline -0.001 -16"><span class='ocrx_word' id='word_1_159' title='bbox 365 2446 525 2514; x_wconf 74' lang='lat' dir='ltr'>quam</span> <span class='ocrx_word' id='word_1_160' title='bbox 548 2444 777 2509; x_wconf 87' lang='lat' dir='ltr'>efficiat,</span> <span class='ocrx_word' id='word_1_161' title='bbox 783 2444 860 2498; x_wconf 84' lang='lat' dir='ltr'>in</span> <span class='ocrx_word' id='word_1_162' title='bbox 881 2446 1027 2513; x_wconf 85' lang='lat' dir='ltr'>quod</span> <span class='ocrx_word' id='word_1_163' title='bbox 1048 2443 1305 2497; x_wconf 85' lang='lat' dir='ltr'>incubuit.</span> <span class='ocrx_word' id='word_1_164' title='bbox 1329 2442 1536 2497; x_wconf 83' lang='lat' dir='ltr'>Placuit</span> <span class='ocrx_word' id='word_1_165' title='bbox 1555 2444 1610 2495; x_wconf 90' lang='lat' dir='ltr'>ei</span> <span class='ocrx_word' id='word_1_166' title='bbox 1634 2447 1811 2515; x_wconf 84' lang='lat' dir='ltr'>lugere</span> 
     </span>
     <span class='ocr_line' id='line_1_25' title="bbox 365 2516 1810 2587; baseline -0.002 -14"><span class='ocrx_word' id='word_1_167' title='bbox 365 2521 581 2574; x_wconf 84' lang='lat' dir='ltr'>filium·</span> <span class='ocrx_word' id='word_1_168' title='bbox 567 2558 581 2570; x_wconf 88' lang='lat'><strong>.</strong></span> <span class='ocrx_word' id='word_1_169' title='bbox 620 2521 766 2587; x_wconf 89' lang='lat' dir='ltr'>luget</span> <span class='ocrx_word' id='word_1_170' title='bbox 795 2535 856 2570; x_wconf 91' lang='lat' dir='ltr'>ut</span> <span class='ocrx_word' id='word_1_171' title='bbox 890 2534 1070 2570; x_wconf 90' lang='lat' dir='ltr'>nemo.</span> <span class='ocrx_word' id='word_1_172' title='bbox 1132 2516 1334 2569; x_wconf 90' lang='lat' dir='ltr'>Placuit</span> <span class='ocrx_word' id='word_1_173' title='bbox 1368 2517 1558 2570; x_wconf 78' lang='lat' dir='ltr'>statuas</span> <span class='ocrx_word' id='word_1_174' title='bbox 1601 2517 1723 2584; x_wconf 79' lang='lat' dir='ltr'>ejus</span> <span class='ocrx_word' id='word_1_175' title='bbox 1763 2519 1810 2570; x_wconf 74' lang='grc' dir='ltr'>δι</span> 
     </span>
     <span class='ocr_line' id='line_1_26' title="bbox 363 2589 1810 2662; baseline -0.002 -16"><span class='ocrx_word' id='word_1_176' title='bbox 363 2593 628 2662; x_wconf 82' lang='lat' dir='ltr'>imagines</span> <span class='ocrx_word' id='word_1_177' title='bbox 672 2589 832 2659; x_wconf 76' lang='lat' dir='ltr'>quam</span> <span class='ocrx_word' id='word_1_178' title='bbox 873 2590 1127 2658; x_wconf 88' lang='lat' dir='ltr'>plurimas</span> <span class='ocrx_word' id='word_1_179' title='bbox 1172 2590 1342 2642; x_wconf 82' lang='lat' dir='ltr'>facere</span> <span class='ocrx_word' id='word_1_180' title='bbox 1374 2609 1389 2644; x_wconf 74' lang='lat' dir='ltr'><strong><em>z</em></strong></span> <span class='ocrx_word' id='word_1_181' title='bbox 1427 2592 1533 2643; x_wconf 89' lang='lat' dir='ltr'>hoc</span> <span class='ocrx_word' id='word_1_182' title='bbox 1563 2591 1810 2643; x_wconf 81' lang='lat' dir='ltr'>omnibus</span> 
     </span>
     <span class='ocr_line' id='line_1_27' title="bbox 366 2662 1811 2734; baseline -0.003 -14"><span class='ocrx_word' id='word_1_183' title='bbox 366 2665 600 2720; x_wconf 83' lang='lat' dir='ltr'>officinis</span> <span class='ocrx_word' id='word_1_184' title='bbox 632 2666 761 2734; x_wconf 87' lang='lat' dir='ltr'>agit.</span> <span class='ocrx_word' id='word_1_185' title='bbox 796 2665 952 2716; x_wconf 87' lang='lat' dir='ltr'>Illum</span> <span class='ocrx_word' id='word_1_186' title='bbox 977 2662 1247 2716; x_wconf 86' lang='lat' dir='ltr'>coloribus</span> <span class='ocrx_word' id='word_1_187' title='bbox 1264 2701 1279 2727; x_wconf 84' lang='lat'>,</span> <span class='ocrx_word' id='word_1_188' title='bbox 1306 2663 1459 2719; x_wconf 87' lang='lat' dir='ltr'>illum</span> <span class='ocrx_word' id='word_1_189' title='bbox 1478 2664 1631 2730; x_wconf 63' lang='lat' dir='ltr'>cera,</span> <span class='ocrx_word' id='word_1_190' title='bbox 1664 2664 1811 2716; x_wconf 82' lang='lat' dir='ltr'>illum</span> 
     </span>
     <span class='ocr_line' id='line_1_28' title="bbox 366 2736 1812 2807; baseline -0.003 -14"><span class='ocrx_word' id='word_1_191' title='bbox 366 2758 473 2793; x_wconf 80' lang='lat' dir='ltr'>aere</span> <span class='ocrx_word' id='word_1_192' title='bbox 494 2780 509 2804; x_wconf 88' lang='lat'>,</span> <span class='ocrx_word' id='word_1_193' title='bbox 553 2739 707 2791; x_wconf 86' lang='lat' dir='ltr'>illum</span> <span class='ocrx_word' id='word_1_194' title='bbox 747 2752 966 2807; x_wconf 83' lang='lat' dir='ltr'>argento</span> <span class='ocrx_word' id='word_1_195' title='bbox 989 2776 1013 2802; x_wconf 20' lang='lat' dir='ltr'>,v</span> <span class='ocrx_word' id='word_1_196' title='bbox 1038 2736 1190 2789; x_wconf 86' lang='lat' dir='ltr'>illum</span> <span class='ocrx_word' id='word_1_197' title='bbox 1224 2753 1356 2789; x_wconf 87' lang='lat' dir='ltr'>auro</span> <span class='ocrx_word' id='word_1_198' title='bbox 1381 2775 1397 2802; x_wconf 89' lang='lat'>,</span> <span class='ocrx_word' id='word_1_199' title='bbox 1437 2738 1599 2790; x_wconf 82' lang='lat' dir='ltr'>ebore</span> <span class='ocrx_word' id='word_1_200' title='bbox 1619 2777 1636 2802; x_wconf 85' lang='lat'>‚</span> <span class='ocrx_word' id='word_1_201' title='bbox 1675 2755 1812 2789; x_wconf 78' lang='lat' dir='ltr'>mar⁴</span> 
     </span>
     <span class='ocr_line' id='line_1_29' title="bbox 368 2808 1812 2881; baseline -0.003 -14"><span class='ocrx_word' id='word_1_202' title='bbox 368 2818 521 2867; x_wconf 82' lang='lat' dir='ltr'>more</span> <span class='ocrx_word' id='word_1_203' title='bbox 553 2811 774 2881; x_wconf 85' lang='lat' dir='ltr'>effingit.</span> <span class='ocrx_word' id='word_1_204' title='bbox 816 2813 933 2880; x_wconf 82' lang='lat' dir='ltr'>Ipse</span> <span class='ocrx_word' id='word_1_205' title='bbox 966 2808 1100 2863; x_wconf 75' lang='lat' dir='ltr'>vero</span> <span class='ocrx_word' id='word_1_206' title='bbox 1133 2811 1186 2862; x_wconf 75' lang='grc' dir='ltr'>δε</span> <span class='ocrx_word' id='word_1_207' title='bbox 1209 2826 1378 2878; x_wconf 87' lang='lat' dir='ltr'>nuper</span> <span class='ocrx_word' id='word_1_208' title='bbox 1399 2849 1414 2873; x_wconf 91' lang='lat'>‚</span> <span class='ocrx_word' id='word_1_209' title='bbox 1454 2810 1694 2864; x_wconf 85' lang='lat' dir='ltr'>adhibito</span> <span class='ocrx_word' id='word_1_210' title='bbox 1728 2810 1812 2862; x_wconf 74' lang='lat' dir='ltr'>in-</span> 
     </span>
     <span class='ocr_line' id='line_1_30' title="bbox 370 2882 1819 2957; baseline -0.004 -17"><span class='ocrx_word' id='word_1_211' title='bbox 370 2888 518 2957; x_wconf 89' lang='lat' dir='ltr'>genti</span> <span class='ocrx_word' id='word_1_212' title='bbox 549 2884 817 2939; x_wconf 88' lang='lat' dir='ltr'>auditorio</span> <span class='ocrx_word' id='word_1_213' title='bbox 840 2923 858 2949; x_wconf 91' lang='lat'>,</span> <span class='ocrx_word' id='word_1_214' title='bbox 894 2884 1088 2937; x_wconf 71' lang='lat' dir='ltr'>librum</span> <span class='ocrx_word' id='word_1_215' title='bbox 1118 2885 1183 2936; x_wconf 87' lang='lat' dir='ltr'>de</span> <span class='ocrx_word' id='word_1_216' title='bbox 1213 2883 1330 2936; x_wconf 85' lang='lat' dir='ltr'>vita</span> <span class='ocrx_word' id='word_1_217' title='bbox 1365 2882 1493 2949; x_wconf 63' lang='lat' dir='ltr'>ejus,</span> <span class='ocrx_word' id='word_1_218' title='bbox 1521 2883 1774 2937; x_wconf 81' lang='lat' dir='ltr'>recitavit</span> <span class='ocrx_word' id='word_1_219' title='bbox 1793 2921 1819 2948; x_wconf 81' lang='lat'>‚.</span> 
     </span>
     <span class='ocr_line' id='line_1_31' title="bbox 311 2957 1814 3032; baseline -0.003 -17"><span class='ocrx_word' id='word_1_220' title='bbox 311 2975 316 2979; x_wconf 60' lang='lat'><strong><em>⁴</em></strong></span> <span class='ocrx_word' id='word_1_221' title='bbox 372 2961 436 3015; x_wconf 87' lang='lat' dir='ltr'>de</span> <span class='ocrx_word' id='word_1_222' title='bbox 478 2960 594 3017; x_wconf 80' lang='lat' dir='ltr'>vita</span> <span class='ocrx_word' id='word_1_223' title='bbox 627 2959 792 3032; x_wconf 79' lang='lat' dir='ltr'>pueri</span> <span class='ocrx_word' id='word_1_224' title='bbox 816 2957 1074 3015; x_wconf 66' lang='lat' dir='ltr'>tecitavit.</span> <span class='ocrx_word' id='word_1_225' title='bbox 1090 2976 1115 3013; x_wconf 72' lang='grc' dir='ltr'>ι.</span> <span class='ocrx_word' id='word_1_226' title='bbox 1129 2971 1317 3013; x_wconf 82' lang='lat' dir='ltr'>tamen</span> <span class='ocrx_word' id='word_1_227' title='bbox 1348 2959 1595 3015; x_wconf 81' lang='lat' dir='ltr'>eumdem</span> <span class='ocrx_word' id='word_1_228' title='bbox 1621 2958 1814 3015; x_wconf 71' lang='lat' dir='ltr'>librum</span> 
     </span>
    </p>
   </div>
  </div>
 </body>
</html>
