1951 3720
348 391 916 464 EpzsrozAE.
943 393 1089 465 Lib.
1127 388 1257 467 IX
1402 398 1541 493 289

98 509 337 578 ponere,
377 513 572 565 iterum
596 514 803 578 subire,
828 517 1284 588 trepidantemque
1309 520 1541 587 perferre

99 584 330 651 primum
362 585 419 638 in
456 591 658 639 altum:
691 605 823 640 mox
842 590 1009 641 flectit
1032 592 1096 642 ad
1125 591 1312 654 littus,
1339 594 1541 645 reddit·

101 672 198 724 que
254 673 408 711 terrae
447 660 499 710 δι
543 662 851 728 aequalibus.
911 662 1091 730 Serpit
1123 680 1219 731 per
1265 666 1538 720 coloniam

98 729 272 782 fama.
305 749 621 785 concurrere
658 751 887 799 omneS,
923 736 1099 804 ipsum
1132 753 1358 804 puerum
1399 753 1543 791 tam·

98 819 251 871 quam
273 806 588 858 miraculum
603 808 904 875 adspicere,
931 810 1294 879 interrogare,
1326 812 1540 877 audire,

99 891 322 931 narrare.
357 879 572 932 Postero
596 880 681 932 die
700 882 944 933 obsident
968 882 1160 944 littuS,
1200 884 1541 952 prospectant

98 965 234 1002 mare
270 990 285 1013 ,
326 953 378 1003 δι
422 953 467 1005 si
511 953 639 1020 quid
677 955 809 1006 mari
852 956 1047 1008 simile.
1108 957 1303 1009 Natant
1342 957 1542 1026 pueri:

96 1021 228 1075 inter
265 1025 366 1077 hos
397 1026 526 1086 ille,
549 1026 638 1079 sed
666 1028 888 1081 cautius.
927 1028 1230 1097 Delphinus
1262 1031 1438 1083 rursus
1470 1033 1537 1085 ad

98 1110 301 1165 tempus
342 1138 358 1161 ,
407 1100 583 1152 rursus
634 1102 698 1152 ad
737 1118 961 1169 puerum
1003 1102 1175 1155 venit.
1238 1103 1393 1173 Fugit
1443 1104 1539 1157 ille

96 1185 204 1222 cum
232 1172 446 1225 ceteris.
490 1175 834 1242 Delphinus,
870 1175 1022 1242 quasi
1058 1174 1254 1227 invitet
1286 1177 1338 1228 ὅτ
1369 1194 1537 1230 revo-

96 1258 206 1304 cet,
248 1246 471 1307 exsilit,
514 1248 805 1316 mergitur,
836 1248 1121 1316 variosque
1159 1249 1313 1301 orbes
1347 1249 1535 1333 impli-

95 1316 208 1369 citat
253 1320 595 1388 expeditque.
642 1321 764 1373 Hoc
802 1322 970 1373 altero
1015 1322 1137 1384 die,
1170 1322 1275 1373 hoc
1322 1323 1484 1376 tertio
1512 1363 1531 1389 ,

93 1389 181 1443 hoc
218 1393 463 1460 pluribus
504 1433 519 1456 ,
557 1396 727 1445 donec
775 1394 1024 1446 homines
1058 1394 1347 1447 innutritos
1391 1397 1532 1450 mari

93 1463 278 1517 subiret
314 1466 539 1518 timendi
580 1469 787 1534 pudor:
829 1469 1081 1519 accedunt
1102 1507 1117 1529 ,
1158 1468 1210 1519 &
1246 1470 1483 1521 alludunt
1508 1510 1527 1535 ‚

94 1536 140 1587 &
185 1542 459 1607 appellant
501 1559 515 1592 t
558 1554 780 1609 tangunt
836 1541 995 1592 etiam
1030 1579 1045 1604 ,
1099 1541 1528 1611 pertreQantque

91 1614 420 1677 praebentem.
468 1613 672 1677 Crescit·
688 1615 897 1665 audacia
916 1613 1308 1681 experimento.
1349 1616 1527 1668 Maxi-

93 1684 166 1736 me
195 1703 329 1754 puer
351 1726 367 1749 ,
400 1687 493 1755 qui
530 1686 732 1754 primus
768 1701 1021 1754 expertus
1053 1685 1157 1749 est,
1183 1690 1391 1739 adnatat
1427 1706 1531 1740 na-

92 1760 209 1810 tanti
234 1799 248 1823 ,
288 1760 466 1812 insilit
496 1774 687 1830 terg03
725 1761 890 1814 fertur
912 1761 1276 1827 referturque3
1308 1761 1526 1829 agnosci

93 1830 168 1894 se,
197 1834 366 1887 amari
401 1849 549 1902 putat
570 1873 585 1898 ,
616 1849 755 1887 amat
786 1833 929 1903 ipse:
957 1848 1143 1887 neuter
1173 1832 1327 1885 timet
1347 1872 1362 1897 ,
1389 1851 1529 1886 neu-

93 1917 160 1956 ter
191 1908 415 1961 timetur
449 1928 462 1960 z
504 1907 659 1972 hujus
697 1908 888 1959 fiducia
920 1947 935 1972 ,
973 1907 1320 1959 mansuetudo
1374 1907 1522 1960 illius

91 1994 312 2048 augetur.
371 1983 484 2034 Nec
535 1998 650 2033 non
700 1981 793 2034 alii
841 1982 992 2049 pueri
1041 1980 1222 2032 dextra
1273 1981 1523 2049 laevaque

91 2050 234 2105 simul
283 2071 416 2109 eunt
461 2056 734 2107 hortantes
785 2057 1187 2122 monentesque.
1247 2055 1359 2105 Ibat
1412 2054 1517 2107 una

91 2124 110 2191 (
144 2126 192 2178 id
221 2146 439 2197 quoque
481 2128 677 2180 mirum
712 2128 734 2193 )
770 2128 1051 2196 delphinus
1088 2127 1221 2178 alius
1253 2166 1268 2190 ,
1309 2128 1516 2179 tantum

90 2198 337 2265 speetator
380 2203 433 2253 &
469 2218 670 2254 comes.
723 2201 871 2253 Nihil
906 2205 1049 2253 enim
1090 2200 1266 2251 simile
1309 2215 1396 2252 aut
1439 2201 1521 2253 fa-

89 2271 240 2326 ciebat
260 2315 275 2338 ,
315 2289 405 2327 aut
439 2275 769 2343 patiebatur:
808 2275 897 2326 sed
929 2277 1153 2326 alterurn
1182 2273 1332 2324 illum
1357 2276 1516 2327 duce-

87 2346 193 2410 bat,
231 2350 510 2401 reducebat
531 2388 546 2413 ,
577 2362 638 2399 ut
671 2365 893 2416 puerum
924 2347 1085 2399 ceteri
1127 2346 1297 2414 pueri.
1335 2350 1511 2401 lncre-

88 2419 230 2474 dibile
253 2422 276 2489 (
297 2438 409 2474 tam
437 2439 627 2474 verum
654 2435 832 2472 tamen
869 2421 1027 2490 quam
1050 2421 1229 2488 priora
1252 2420 1272 2485 )
1298 2422 1509 2489 delphi-

86 2508 200 2545 num
252 2495 568 2564 gestatorem
623 2494 1047 2563 collusoremque
1110 2511 1397 2562 puerorum
1453 2495 1512 2547 in

85 2582 263 2620 terram
305 2586 522 2637 quoque
558 2567 763 2620 extrahi
800 2568 1019 2619 solitum
1045 2606 1058 2630 ,
1107 2567 1380 2634 arenisque
1405 2567 1513 2619 sic·

86 2655 243 2692 catum
265 2681 281 2704 ,
316 2643 403 2694 ubi
429 2639 749 2703 incaluiffet,
775 2639 833 2692 in
852 2659 993 2692 mare
1025 2642 1256 2692 revolvi.
1293 2640 1511 2693 Constat

87 2713 366 2766 Oitavium
415 2715 636 2767 Avitum
673 2752 688 2777 ,
735 2715 963 2783 legatum
1016 2714 1349 2781 proconsulis
1382 2753 1398 2777 ,
1449 2714 1507 2766 in

82 2785 216 2838 littus
269 2787 459 2839 edusio
510 2787 772 2856 religione
812 2787 974 2856 prava
1025 2786 1361 2858 superfudisse
1402 2804 1506 2838 un-

82 2875 329 2926 guentum
367 2880 383 2919 ·‚
433 2860 580 2925 cujus
634 2860 784 2912 illum
834 2860 1134 2913 novitatem
1178 2862 1509 2929 odoremque

81 2931 128 2982 in
158 2936 330 2985 altum
374 2933 612 3003 refugisse
638 2972 654 2997 ,
698 2949 795 2985 nec
842 2933 948 2985 nisi
987 2934 1103 3002 post
1148 2936 1344 2985 multos
1393 2933 1504 2987 dies

79 3004 241 3059 visum
288 3008 593 3078 languidum
653 3007 706 3060 &
757 3006 1005 3062 moestum
1044 3026 1062 3068 ·,
1105 3024 1240 3133 mgx
1284 3007 1505 3061 redditis
