1951 3720
353 334 490 425 236
687 333 954 402 CAII
1023 327 1452 399 PLINII

347 454 522 506 aerario'
551 450 811 521 sestertium
843 453 1017 504 centies
1052 454 1388 523 quinquagie33
1435 454 1481 503 6·
1521 454 1703 521 quanto
1737 455 1788 504 ab

345 524 570 594 ejusmodi
616 528 949 595 cupiditatibus
996 529 1226 577 remou'or
1265 527 1361 593 ejus
1408 528 1589 577 animus
1633 527 1745 593 effer
1775 562 1789 588 ,

345 602 484 651 εαπεὸ
522 601 771 668 ἰηιρεηείὰε
808 617 970 668 petere
1011 619 1041 648 a
1088 600 1280 668 publico
1304 617 1513 668 *parente
1540 634 1555 658 ,
1603 617 1660 649 uc
1699 619 1791 651 eum

346 675 651 742 compelleret
689 676 753 723 ad
774 676 1023 724 cedendum
1050 671 1260 741 senatui.
1313 675 1372 724 Id
1400 671 1537 725 vero
1577 675 1755 725 deerat
1773 712 1789 738 ‚

339 762 409 797 -ut
437 763 569 798 cum
620 747 850 798 Pallante
895 746 1206 798 auctoritate
1244 746 1454 813 publica
1500 761 1789 814 ageretur,

349 818 518 872 Pallas
551 835 825 888 rogaretur
845 834 906 871 ut
923 819 1128 871 senatui
1159 820 1401 875 cederet·‚
1426 833 1485 869 ut
1517 818 1599 870 illi
1619 819 1793 885 super-

348 891 581 944 bissimae
622 892 943 944 abstinentiae
979 893 1151 944 Caesar
1180 891 1291 959 ipse
1312 893 1601 943 advocatus
1627 890 1755 943 effer
1777 930 1791 955 ‚

341 981 420 1016 ne
434 964 722 1017 sestertium
747 965 946 1017 centies
961 965 1310 1048 quinquagies
1334 964 1623 1032 sperneret.
1648 966 1795 1031 Spre-

343 1037 472 1099 vit,
498 1040 644 1106 quod
680 1039 852 1090 solum
888 1038 1104 1106 potuit,
1144 1037 1307 1089 tantis
1347 1037 1542 1105 opibus
1582 1036 1793 1104 publice

347 1111 585 1174 oblatis,
624 1110 953 1179 arrogantius
986 1112 1154 1162 facere
1176 1149 1191 1173 ‚
1234 1127 1391 1179 quam
1415 1110 1464 1162 si
1493 1109 1792 1178 accepifi'et.

350 1185 584 1238 Senatus·
598 1199 776 1236 tamen
794 1184 848 1235 id
880 1201 1094 1252 quoque
1116 1224 1132 1247 ‚
1157 1183 1350 1235 similis
1375 1183 1625 1251 querenti
1648 1224 1663 1246 ,
1687 1186 1794 1235 lau-

350 1257 503 1308 dibus
540 1257 663 1308 tulit
682 1296 697 1320 ‚
736 1255 820 1308 his
862 1255 1076 1324 quidem
1105 1258 1283 1308 verbis
1309 1275 1323 1308 ς
1351 1257 1451 1306 Sed
1479 1276 1616 1324 quum
1651 1256 1799 1307 Prin-

353 1348 463 1398 ceps
497 1332 695 1398 optimus
714 1365 727 1388 ,
773 1327 1034 1397 parensque
1075 1330 1292 1397 publicus
1316 1364 1331 1388 ,
1375 1347 1569 1398 rogatus
1604 1349 1639 1379 a
1679 1331 1796 1381 Pal·

342 1404 485 1453 laute
504 1438 521 1460 ,
546 1423 645 1453 eam
657 1401 1098 1471 partemsententioe
1120 1437 1134 1461 ,
1159 1421 1254 1470 quae
1282 1403 1554 1471 pertinebat
1586 1406 1662 1453 ad
1681 1408 1796 1454 dan-

343 1478 459 1525 dum
492 1478 536 1526 ei
570 1494 631 1525 ex
662 1476 828 1526 aerart'o
865 1477 1043 1525 centies
1065 1477 1369 1545 ‚quinquagies
1393 1474 1661 1542 sestertium
1682 1513 1698 1536 ,
1731 1498 1794 1528 re·

350 1549 479 1599 mitti
511 1549 764 1615 voluiffet3
790 1551 950 1613 testati
978 1547 1205 1615 finctum·
1224 1551 1268 1599 6·
1293 1547 1351 1615 se
1371 1550 1575 1600 libenter
1609 1555 1795 1601 aeme-

339 1623 449 1673 -ι-ἱτὸ
469 1625 605 1672 thane
644 1622 861 1688 summam
891 1623 1018 1672 inter
1053 1623 1258 1689 reliquos
1292 1626 1489 1673 honores
1509 1657 1523 1680 ‚
1558 1624 1619 1673 ob
1654 1625 1795 1693 fidem

350 1696 732 1764 diligentiamque
753 1730 767 1753 ,
809 1695 1034 1745 Pallanti
1085 1698 1330 1746 decernere
1364 1697 1582 1765 coept’ffe:
1626 1700 1796 1748 volun-

353 1770 448 1818 tati
479 1784 636 1820 tamen
668 1767 908 1837 Principis
927 1766 1050 1834 fici,
1073 1770 1148 1818 cui
1178 1776 1233 1821 in
1268 1771 1403 1819 nulla
1435 1790 1484 1820 re
1498 1770 1583 1837 fas
1601 1788 1795 1839 putaret

339 1860 612 1911 repugnare
635 1876 651 1901 ‚
693 1843 744 1893 in
791 1845 877 1892 bac
921 1859 1098 1909 quoque
1146 1863 1196 1894 re
1243 1842 1448 1912 obsequi.
1501 1845 1796 1915 Imaginare

327 1914 642 1968 Pallantem
670 1917 821 1968 velut
850 1915 1265 1969 intercedentem
1302 1917 1757 1970 senatusconsulto
1777 1957 1791 1981 ,

351 1990 852 2058 moderantemque
877 1990 1114 2042 honores
1170 1991 1337 2054 sum,
1386 1991 1439 2043 δε
1497 1990 1791 2044 sestertium

343 2061 554 2115 *centies
596 2062 942 2132 quinquagies
966 2102 982 2126 ‚
1022 2077 1085 2115 ut
1114 2063 1339 2116 nimium
1363 2103 1378 2127 ‚
1419 2065 1756 2117 recusantem
1770 2084 1792 2128 ·‚

350 2140 522 2202 quum'
568 2135 818 2203 praetoria
858 2146 1204 2200 ornammta,
1242 2153 1509 2207 tamquam
1558 2138 1744 2190 minus
1779 2177 1792 2200 ‚

347 2207 644 2276 recepisset.
708 2209 1002 2279 Imaginare
1051 2211 1309 2263 Caesarem
1334 2226 1377 2274 ,·‘
1399 2211 1578 2263 liberti
1621 2210 1791 2279 preci-

343 2281 448 2332 bus
469 2321 483 2345 ‚
520 2284 611 2335 vel.
643 2283 824 2350 potius
854 2283 1085 2350 imperio
1109 2323 1124 2348 ,
1163 2301 1343 2336 coram
1379 2283 1560 2336 senatu
1591 2287 1789 2336 obtem·

352 2370 643 2420 pet-antem.
672 2358 900 2424 Imperat
918 2356 1062 2408 enim
1086 2359 1303 2409 libertus
1332 2372 1562 2424 patrono
1585 2396 1600 2419 ‚
1637 2375 1791 2426 quem

348 2426 411 2478 in
449 2428 625 2480 senatu
657 2444 825 2497 rogat.
870 2430 1162 2498 Imaginare
1193 2430 1461 2492 senatum,
1494 2431 1787 2499 usquequa-

339 2517 455 2569 ·que
486 2501 758 2561 testantem
781 2542 796 2565 ‚
833 2501 1029 2554 merito
1059 2503 1386 2571 libenterque
1416 2504 1468 2554 se
1487 2505 1626 2557 hanc
1650 2505 1788 2555 sum·

342 2591 493 2626 mam
545 2574 683 2628 inter
733 2575 968 2642 reliquos
1010 2577 1244 2628 honores
1299 2576 1522 2629 Pallanti
1573 2577 1787 2645 coepifi'e

343 2649 631 2701 decernere
669 2667 684 2706 ;
731 2649 1296 2715 &perseveraturum
1342 2648 1492 2702 fuisse
1514 2692 1517 2697 .
1536 2650 1590 2701 se
1633 2689 1645 2712 ,
1688 2650 1784 2700 nisi

345 2722 726 2789 obsequeretur
756 2721 1014 2793 Principis
1051 2721 1358 2785 voluntati,
1392 2723 1481 2774 cui
1513 2739 1630 2774 non
1666 2721 1787 2774 effer

345 2794 425 2846 fas
468 2794 525 2845 in
573 2796 780 2846 ulla·re
829 2811 1137 2864 repugnare.
1194 2797 1271 2847 Ita
1308 2835 1323 2858 ‚
1376 2812 1445 2846 ne
1497 2795 1784 2847 sestertium

348 2866 549 2919 centies
604 2867 950 2935 quinquagies
973 2914 981 2919 .
1002 2868 1169 2924 Pallas
1226 2885 1296 2920 ex
1343 2867 1531 2921 aeratio
1579 2869 1738 2920 ferret
1768 2906 1781 2929 ‚

343 2940 671 2994 *verecundia
700 2939 876 3009 ipsius
893 2979 909 3006 ‚
948 2940 1209 3013 obsequio
1236 2941 1445 2999 ,senatus
1475 2957 1617 3009 opus
1647 2941 1744 2995 fuit
1766 2979 1780 3003 ‚
