1951 3720
321 269 466 359 ‘256
646 259 911 328 CAII
986 257 1466 330 szvtt·

316 382 408 447 nia
426 421 443 446 ‚
477 396 539 435 ut
567 380 751 435 omnia
784 382 1063 433 emendem
1083 418 1098 443 ,
1132 381 1277 448 quod
1308 377 1616 448 contingere
1645 364 1764 433 noh

318 455 494 524 potest
526 455 691 509 electa
711 454 1077 508 recitantibus.
1108 455 1180 504 At
1198 454 1329 505 illud
1347 453 1630 507 modestius
1652 493 1669 517 ‚
1710 455 1765 506 δε
1796 506 1799 513 ,

317 527 529 582 fortaffe
559 528 921 589 reverentius
943 527 1033 580 sed
1060 528 1166 578 hoc
1187 525 1484 593 simplicius
1508 528 1561 578 ὅτ.
1580 544 1764 579 aman-

318 599 446 655 tius.
507 604 665 654 Amat
708 603 854 655 enim
879 640 895 665 ‚
933 600 1026 670 qui
1067 599 1122 652 se
1159 600 1239 652 sic
1276 600 1438 652 amari
1473 615 1624 668 putat
1648 639 1665 663 ‚
1704 614 1767 653 ut

320 675 535 728 taedium
556 692 667 727 non
688 674 1044 744 pertimescat.
1081 672 1343 741 Alioquin
1365 673 1492 743 quid
1521 672 1768 742 praestant

322 748 526 801 sodales
552 788 567 812 ‚
610 749 659 801 si
700 747 1034 801 conveniunt
1077 745 1372 814 voluptatis
1410 747 1514 798 suae
1555 746 1764 800 causa?

322 822 597 874 Delicatus
628 836 688 874 ac
716 821 908 874 similis
927 820 1120 890 ignoto
1144 819 1248 882 est,
1273 821 1366 888 qui
1387 820 1548 871 amici
1570 820 1769 872 librum

321 895 526 947 bonum
555 898 760 947 mavult
788 894 998 958 audire,
1022 891 1181 961 quam
1202 894 1392 946 facere.
1432 895 1563 945 Non
1581 892 1770 953 dubito

322 984 515 1035 cupere
530 983 581 1019 te
596 1007 610 1030 ‚
627 984 724 1036 pro
737 983 909 1020 cetera
923 967 1030 1020 mei
1042 967 1260 1019 caritate
1275 1005 1290 1029 ‚
1306 964 1465 1035 quam
1478 965 1772 1018 maturissi-

325 1040 415 1093 me
445 1043 620 1111 legere
659 1042 800 1094 hunc
829 1043 997 1093 adhuc
1018 1040 1278 1092 musteum
1301 1042 1511 1094 librum.
1555 1041 1730 1109 Leges
1754 1078 1772 1102 ‚

323 1114 415 1166 sed
459 1113 794 1167 rewadiatum
814 1154 831 1178 ‚
865 1133 982 1184 quae
1034 1113 1185 1166 causa
1225 1113 1481 1167 recitandi
1514 1113 1618 1165 fuit
1649 1130 1667 1172 ;
1722 1113 1774 1166 δί

325 1200 508 1239 tamen
537 1190 793 1240 nonnulla
814 1187 920 1251 iam
942 1205 1013 1240 ex
1036 1204 1108 1239 eo
1128 1186 1286 1240 nosti.
1315 1188 1444 1239 Haec
1465 1189 1559 1240 vel
1582 1204 1774 1239 emen-

325 1261 446 1325 data
468 1261 648 1330 postea
670 1299 686 1324 ,
722 1263 814 1314 vel
835 1262 859 1329 (
882 1263 1028 1331 quod
1057 1261 1322 1313 interdum
1344 1260 1593 1331 longiore
1615 1259 1775 1312 mota

326 1334 464 1387 solet
500 1337 523 1403 )
567 1335 829 1387 deteriora
869 1334 1003 1387 factu
1022 1373 1039 1398 ,
1076 1335 1228 1403 quasi
1265 1350 1410 1386 nova
1448 1335 1631 1387 rursus
1667 1373 1684 1397 ‚
1723 1335 1775 1387 δι

325 1408 578 1476 ‚rescripta
599 1408 922 1477 cognosces.
954 1409 1094 1460 Nam
1123 1407 1387 1476 plerisque
1416 1407 1639 1460 mutatis
1661 1447 1679 1472 ,
1716 1423 1776 1460 ea

330 1497 546 1551 quoque
585 1496 786 1534 mutata
812 1482 1068 1535 videntur
1104 1499 1223 1551 quat
1245 1496 1488 1535 manent.
1513 1482 1688 1536 Vale,

401 1600 613 1657 XXII.
666 1601 998 1663 Pinnos
1038 1600 1407 1655 G'EMnuo
1451 1616 1538 1654 su
1559 1615 1597 1654 0
1644 1603 1704 1658 S.

365 1700 455 1753 De
482 1698 749 1770 quibusdam
773 1733 790 1761 ‚
824 1701 904 1770 qui
926 1701 1173 1751 libidinum
1198 1698 1330 1770 servi
1341 1733 1362 1762 ,
1382 1701 1585 1753 aliorum
1603 1699 1747 1753 vitiis

910 1794 1194 1867 irascamur.

333 1882 438 1980 N
448 1936 676 1976 osmer.
704 1924 807 1977 hos
827 1962 845 1988 ,
881 1923 975 1993 qui
1013 1922 1259 1976 omnium
1286 1922 1570 1977 libidinum
1590 1922 1775 1990 servi,-

331 1998 411 2052 sic
441 1998 669 2049 aliorum
702 1998 860 2052 vitiis
895 1998 1227 2061 irasscuntut,
1263 1998 1431 2066 quasi
1450 1998 1769 2056 invideant·
1756 2034 1776 2058 ‚

334 2073 389 2125 &
424 2069 738 2141 gravissime
756 2070 1020 2155 puniunt,
1034 2088 1171 2139 quos
1195 2070 1430 2124 maxime
1448 2071 1765 2125 imitantur.
1751 2072 1775 2109 ²

333 2162 499 2214 quum
533 2160 644 2197 eos
670 2143 870 2208 etiam,
908 2144 1002 2212 qui
1050 2161 1164 2196 non
1199 2144 1439 2215 indigent
1485 2144 1775 2199 clementia

332 2218 532 2280 ullius,
570 2217 705 2269 nihil
742 2218 912 2287 magis
945 2234 1107 2285 quam
1141 2218 1331 2270 lenitas
1355 2220 1558 2272 deceat.
1593 2220 1775 2287 Atque

332 2307 438 2361 φο
456 2290 809 2376 optimum&
835 2291 1334 2344 emendatissimum.
1347 2291 1643 2354 existimo,
1684 2290 1774 2361 qui

334 2365 524 2418 ceteris
544 2364 622 2416 ita
656 2364 918 2449 ignoscit,
945 2379 1215 2432 tamquam
1236 2364 1350 2432 ipse
1381 2364 1624 2448 quotidie
1649 2381 1777 2432 pec-

331 2454 449 2499 cet·,
468 2437 543 2490 ita
560 2438 790 2505 peccatis
809 2438 1056 2501 abstinet,
1081 2452 1349 2506 tamquam
1369 2438 1576 2492 nemini
1589 2438 1811 2507 ignos-

334 2527 439 2565 cat.
483 2510 712 2564 Proinde
733 2512 838 2564 hoc
869 2512 1054 2574 domi,
1084 2512 1190 2567 hoc
1208 2511 1371 2575 foris,
1393 2510 1543 2563 hoc
1528 2528 1594 2563 m
1622 2510 1773 2564 omni

332 2586 462 2639 vitae
486 2600 677 2655 genere
707 2598 1024 2647 teneamus
1048 2599 1109 2636 ut
1127 2584 1281 2640 nobis
1312 2584 1675 2653 implacabiles
1699 2584 1772 2638 si-

332 2677 491 2719 mus3
514 2658 810 2711 exorabiles
829 2658 937 2711 istis
958 2657 1118 2711 etiam
1131 2697 1149 2723 ‚
1169 2658 1266 2726 qui-
1285 2660 1406 2710 dare
1423 2657 1644 2714 veniam
1666 2657 1786 2711 nisi·

333 2733 441 2787 sibi
485 2732 772 2786 nesciunt·
760 2768 777 2791 ,
814 2733 1222 2800 mandemusque
1258 2731 1579 2794 memoriae,
1627 2732 1772 2800 quod

334 2807 427 2859 vir
461 2806 819 2868 mitissimus,
860 2807 913 2858 δε
953 2807 1025 2858 ob
1058 2807 1164 2857 hoc
1210 2822 1424 2874 quoque
1460 2804 1728 2856 maximus
1753 2841 1773 2867 ,

333 2880 562 2938 Thrasea
578 2878 761 2936 crebto
780 2878 952 2934 dicere
966 2880 1195 2934 solebat.
1217 2879 1317 2952 Qui
1333 2880 1454 2933 vitia
1475 2880 1616 2941 odie
1626 2877 1775 2930 bomi-
