1951 3720
349 325 810 395 TRAIANO
882 339 1297 393 υιετυε.
1396 339 1535 418 425

128 444 252 515 quod
285 446 473 515 aliquis
530 448 734 515 collega
776 447 1131 514 appellaretur
1169 460 1200 495 a
1248 443 1493 511 Principe
1524 481 1541 506 ‚

127 520 263 587 quim
281 518 421 588 quod
441 534 640 587 praetor
661 517 806 571 effet.
846 518 926 569 Ad
945 519 1051 569 hoc
1080 532 1187 568 tam
1219 518 1459 569 assiduus
1483 516 1543 566 in

127 592 348 645 tribunali
378 631 393 655 ,
434 606 495 644 ut
521 593 700 644 labore
733 589 882 644 refici
906 608 966 643 ac
996 590 1226 658 reparari
1249 590 1545 642 videretur.

127 665 245 730 Quis
274 663 505 717 nostrum
543 665 684 717 idem
725 681 862 718 curae
896 703 912 727 ‚
964 664 1108 716 idem
1148 663 1355 715 sudoris
1392 662 1545 713 insu·

127 739 248 790 mit?
279 738 396 806 quis
437 739 571 790 adeo
614 736 869 804 expetitis
903 736 1202 789 honoribus
1232 752 1332 792 ¹aut
1368 735 1542 788 deser·

127 810 229 872 vit,
264 825 349 863 aut
382 810 571 864 sufficit
607 815 628 864 ?
682 812 747 861 Et
776 810 899 862 sane
940 826 1156 878 aequum
1186 808 1260 861 est
1282 847 1297 871 ,
1336 823 1543 860 tantum

127 883 291 936 ceteris
337 882 576 952 prestare
615 882 917 935 consulibus
964 883 1140 950 ipsum
1165 922 1181 944 ‚
1219 881 1314 950 qui
1346 880 1548 933 consu·

125 957 191 1008 les
211 957 329 1009 facit
361 976 373 1009 :
408 957 608 1026 quippe
644 957 806 1008 etiam
834 957 1062 1008 fortunae
1092 955 1374 1007 videbatur
1408 953 1548 1005 indi·

128 1045 266 1097 gnum
287 1069 302 1093 ,
334 1028 380 1081 si
413 1028 587 1098 poffet
620 1029 857 1082 honores
893 1031 1014 1080 dare
1035 1067 1050 1091 ,
1087 1027 1179 1097 qui
1214 1044 1395 1097 gerere
1430 1042 1545 1078 non

127 1101 291 1168 poffet.
325 1103 572 1156 Facturus
603 1102 847 1155 consules
881 1103 1071 1154 doceat
1095 1140 1110 1163 ‚
1148 1100 1547 1169 accepturisque

127 1175 490 1242 amplissimum
509 1176 778 1228 honorem
798 1175 1106 1243 persuadeat
1129 1213 1145 1235 ‚
1184 1174 1317 1226 scire
1339 1173 1394 1225 se
1416 1172 1547 1241 quid

128 1247 190 1298 sit
205 1251 340 1316 quod
356 1252 572 1302 daturus
595 1249 668 1301 sit
691 1268 706 1302 ε
738 1248 816 1300 sic
855 1247 917 1299 fit
949 1262 1009 1299 ut
1038 1247 1120 1298 illi
1144 1263 1360 1315 quoque
1379 1247 1547 1299 sciant

128 1321 235 1388 quid
265 1322 580 1391 acceperint.

125 1442 130 1447 .
187 1394 475 1450 Lxxvm.
523 1394 651 1461 Quo
682 1393 866 1459 iustitis
897 1395 1106 1446 senatus
1127 1431 1145 1456 ‚
1174 1408 1236 1445 ut
1255 1392 1548 1461 susciperes

130 1482 346 1533 quartum
367 1469 702 1523 consulatum
728 1469 781 1521 δι
799 1467 1014 1537 rogavit
1038 1468 1091 1520 δι
1114 1465 1287 1530 iussit.
1324 1464 1549 1534 Imperii

127 1538 217 1591 hoc
233 1543 447 1594 verbum
469 1581 484 1604 ‚
514 1558 629 1594 non
650 1540 974 1594 adulationis
999 1538 1101 1592 effe
1124 1578 1140 1603 ,
1172 1539 1429 1607 obsequio
1449 1554 1548 1590 tuo

128 1615 257 1666 crede
275 1654 291 1678 ‚
324 1616 471 1684 quod
492 1631 608 1667 non
627 1615 729 1667 alia
747 1614 806 1666 in
823 1631 880 1666 re
898 1615 1067 1684 magis
1086 1628 1177 1665 aut
1193 1612 1404 1664 senatus
1423 1612 1548 1663 exi*

127 1700 231 1752 gere
253 1705 281 1740 a
299 1702 353 1741 te
371 1727 388 1752 ,
419 1701 514 1742 aut
537 1703 597 1740 tu
615 1688 856 1755 praestare
877 1687 1082 1741 senatui
1102 1687 1276 1738 debes.
1307 1687 1383 1737 Ut
1401 1684 1548 1736 enim

128 1773 396 1813 ceterorum
431 1761 721 1814 hominum
752 1801 767 1826 ,
825 1761 899 1812 ita
938 1760 1244 1827 Principum
1267 1797 1282 1821 ,
1329 1758 1546 1809 illorum

101 1831 267 1886 ‚etiam
294 1874 308 1899 ,
347 1834 440 1904 qui
483 1834 562 1887 dii
599 1834 701 1887 sibi
736 1834 989 1887 videntur
1012 1874 1029 1898 ‚
1080 1848 1256 1885 aevum
1294 1847 1455 1885 omne
1495 1831 1550 1883 δι

127 1905 265 1959 breve
305 1909 356 1961 δε
388 1908 579 1978 fragile
613 1907 704 1960 est.
755 1909 941 1975 Itaque
971 1907 1240 1974 optimum
1283 1921 1549 1974 quemque

128 1977 212 2028 niti
237 1981 285 2032 &
307 1983 629 2034 contendere
654 1983 808 2032 decet
828 2019 846 2046 ,
878 1994 944 2031 ut
979 1979 1097 2047 post
1121 1979 1174 2031 se
1203 1995 1418 2046 quoque
1439 1978 1548 2029 rei⁶

127 2053 324 2117 publicae
347 2053 527 2122 prosit
549 2093 564 2117 ,
600 2052 987 2105 moderationis
1011 2052 1210 2104 scilicet
1232 2050 1550 2118 justitiaeque

127 2128 465 2181 monumentis
491 2166 506 2190 ,
541 2144 660 2195 quae
687 2126 862 2193 prima
884 2125 1105 2178 statuere
1135 2125 1319 2177 consu}
1355 2123 1549 2192 potest.

127 2194 237 2250 Haec
271 2216 460 2268 nempe
496 2200 730 2252 intentio
763 2212 851 2251 tua
872 2237 887 2260 ‚
925 2214 988 2250 ut
1006 2198 1303 2250 libertatem
1325 2213 1550 2252 revoces

128 2284 178 2320 ac
207 2274 431 2327 reducas.
475 2274 653 2338 Quem
685 2289 815 2341 ergo
845 2273 1111 2323 honorem
1142 2270 1309 2340 magis
1333 2286 1507 2322 amare
1531 2308 1551 2334 ‚

127 2347 253 2408 quod
275 2362 475 2400 nomen
496 2346 744 2413 usurpare
765 2344 955 2412 saepius
980 2345 1135 2396 debes
1156 2382 1171 2405 ‚
1210 2342 1367 2411 quium
1404 2344 1553 2412 quod

127 2415 335 2481 primum
384 2418 598 2471 invenit
635 2433 944 2487 recuperata
984 2417 1194 2468 libertas
1234 2420 1256 2471 ἓ
1311 2419 1437 2468 Non
1477 2415 1552 2468 est

127 2489 282 2543 minus
317 2492 483 2545 civile
508 2531 523 2554 ‚
571 2493 622 2544 &
661 2491 962 2557 Principem
988 2488 1090 2541 effe
1123 2489 1322 2557 pariter
1346 2491 1399 2541 ὃ(
1422 2506 1553 2541 con·

128 2559 274 2615 sulem
299 2603 314 2627 ,
369 2565 530 2633 quem
578 2564 784 2618 tantum
829 2563 1121 2635 consulem.
1182 2564 1329 2614 Habe
1384 2562 1550 2614 etiam

128 2635 372 2689 rationem
389 2637 727 2692 verecundiae
751 2639 1074 2705 collegarum
1101 2650 1315 2688 tuorum
1342 2653 1359 2695 ·‚
1388 2637 1551 2687 colle·

127 2721 291 2772 garum
328 2711 545 2778 inquam
581 2729 594 2762 :
633 2709 707 2761 ita
742 2709 888 2761 enim
929 2709 983 2760 &
1026 2708 1140 2775 ipse
1175 2708 1411 2777 loqueris
1439 2746 1454 2770 ,
1497 2709 1552 2759 δι

129 2794 216 2830 nos
257 2783 407 2851 loqui
445 2783 555 2835 vis.
598 2783 844 2834 Onerosa
884 2783 987 2833 erit
1028 2781 1294 2832 modestiae
1332 2780 1550 2833 illorum

130 2853 257 2904 tertii
283 2856 583 2908 consulatus
607 2855 687 2907 sui
723 2853 1023 2907 recordatio
1045 2893 1061 2916 ‚
1097 2854 1267 2905 donec
1302 2867 1354 2906 te
1392 2870 1550 2921 quar-

129 2923 231 2979 tum
260 2929 530 2984 consulem
561 2928 799 2986 videam.
837 2929 1027 3000 Neque
1057 2926 1205 2984 enim
1229 2925 1403 2996 potest
1436 2942 1550 2983 nou
