<?xml version="1.0" encoding="UTF-8"?>
<!DOCTYPE html PUBLIC "-//W3C//DTD XHTML 1.0 Transitional//EN"
    "http://www.w3.org/TR/xhtml1/DTD/xhtml1-transitional.dtd">
<html xmlns="http://www.w3.org/1999/xhtml" xml:lang="en" lang="en">
 <head>
  <title>
</title>
<meta http-equiv="Content-Type" content="text/html;charset=utf-8" />
  <meta name='ocr-system' content='tesseract 3.04.00' />
  <meta name='ocr-capabilities' content='ocr_page ocr_carea ocr_par ocr_line ocrx_word'/>
</head>
<body>
  <div class='ocr_page' id='page_1' title='image "./panegyricus00lallgoog_0255.png"; bbox 0 0 1951 3720; ppageno 0'>
   <div class='ocr_carea' id='block_1_1' title="bbox 414 301 1657 404">
    <p class='ocr_par' dir='ltr' id='par_1_1' title="bbox 414 301 1657 404">
     <span class='ocr_line' id='line_1_1' title="bbox 414 301 1657 404; baseline 0.006 -33"><span class='ocrx_word' id='word_1_1' title='bbox 414 306 1012 373; x_wconf 79' lang='lat' dir='ltr'><strong><em>EPISTOLAE.</em></strong></span> <span class='ocrx_word' id='word_1_2' title='bbox 1045 301 1194 375; x_wconf 85' lang='lat' dir='ltr'>Lib.</span> <span class='ocrx_word' id='word_1_3' title='bbox 1228 306 1405 378; x_wconf 87' lang='lat' dir='ltr'><strong>VII.</strong></span> <span class='ocrx_word' id='word_1_4' title='bbox 1513 328 1657 404; x_wconf 85' lang='lat'>227</span> 
     </span>
    </p>
   </div>
   <div class='ocr_carea' id='block_1_2' title="bbox 182 412 1677 1896">
    <p class='ocr_par' dir='ltr' id='par_1_2' title="bbox 182 412 1677 1896">
     <span class='ocr_line' id='line_1_2' title="bbox 185 412 1654 498; baseline 0.003 -18"><span class='ocrx_word' id='word_1_5' title='bbox 185 412 365 480; x_wconf 40' lang='lat' dir='ltr'>&amp;nimi</span> <span class='ocrx_word' id='word_1_6' title='bbox 385 426 656 479; x_wconf 86' lang='lat' dir='ltr'>laboribus</span> <span class='ocrx_word' id='word_1_7' title='bbox 688 424 893 478; x_wconf 84' lang='lat' dir='ltr'>suffecit</span> <span class='ocrx_word' id='word_1_8' title='bbox 908 466 922 488; x_wconf 85' lang='lat'>‚</span> <span class='ocrx_word' id='word_1_9' title='bbox 948 424 1052 495; x_wconf 76' lang='lat' dir='ltr'>qua</span> <span class='ocrx_word' id='word_1_10' title='bbox 1076 444 1214 480; x_wconf 88' lang='lat' dir='ltr'>nunc</span> <span class='ocrx_word' id='word_1_11' title='bbox 1234 428 1408 481; x_wconf 88' lang='lat' dir='ltr'>otium</span> <span class='ocrx_word' id='word_1_12' title='bbox 1430 431 1654 498; x_wconf 87' lang='lat' dir='ltr'>patitur.</span> 
     </span>
     <span class='ocr_line' id='line_1_3' title="bbox 201 501 1653 572; baseline 0.003 -19"><span class='ocrx_word' id='word_1_13' title='bbox 201 503 364 568; x_wconf 87' lang='lat' dir='ltr'>Quod</span> <span class='ocrx_word' id='word_1_14' title='bbox 403 501 622 569; x_wconf 90' lang='lat' dir='ltr'>quidem</span> <span class='ocrx_word' id='word_1_15' title='bbox 663 501 927 569; x_wconf 86' lang='lat' dir='ltr'>paulisper</span> <span class='ocrx_word' id='word_1_16' title='bbox 971 518 1094 552; x_wconf 90' lang='lat' dir='ltr'>cum</span> <span class='ocrx_word' id='word_1_17' title='bbox 1132 519 1321 572; x_wconf 86' lang='lat' dir='ltr'>magna</span> <span class='ocrx_word' id='word_1_18' title='bbox 1366 504 1455 555; x_wconf 88' lang='lat' dir='ltr'>sua</span> <span class='ocrx_word' id='word_1_19' title='bbox 1499 507 1653 558; x_wconf 82' lang='lat' dir='ltr'>laude</span> 
     </span>
     <span class='ocr_line' id='line_1_4' title="bbox 198 574 1655 642; baseline 0.003 -15"><span class='ocrx_word' id='word_1_20' title='bbox 198 574 494 641; x_wconf 75' lang='lat' dir='ltr'>intermisit</span> <span class='ocrx_word' id='word_1_21' title='bbox 528 575 582 625; x_wconf 86' lang='lat'>&amp;</span> <span class='ocrx_word' id='word_1_22' title='bbox 610 574 793 642; x_wconf 87' lang='lat' dir='ltr'>posuit</span> <span class='ocrx_word' id='word_1_23' title='bbox 815 615 832 637; x_wconf 85' lang='lat'>,</span> <span class='ocrx_word' id='word_1_24' title='bbox 870 592 901 626; x_wconf 89' lang='lat' dir='ltr'>a</span> <span class='ocrx_word' id='word_1_25' title='bbox 932 575 1173 628; x_wconf 82' lang='lat' dir='ltr'>Corellio</span> <span class='ocrx_word' id='word_1_26' title='bbox 1205 576 1386 630; x_wconf 88' lang='lat' dir='ltr'>nostro</span> <span class='ocrx_word' id='word_1_27' title='bbox 1418 594 1488 631; x_wconf 86' lang='lat' dir='ltr'>ex</span> <span class='ocrx_word' id='word_1_28' title='bbox 1524 579 1655 631; x_wconf 87' lang='lat' dir='ltr'>lihe-</span> 
     </span>
     <span class='ocr_line' id='line_1_5' title="bbox 198 647 1654 716; baseline 0.003 -16"><span class='ocrx_word' id='word_1_29' title='bbox 198 650 407 701; x_wconf 86' lang='lat' dir='ltr'>ralitate</span> <span class='ocrx_word' id='word_1_30' title='bbox 450 647 789 716; x_wconf 84' lang='lat' dir='ltr'>imperatoris</span> <span class='ocrx_word' id='word_1_31' title='bbox 826 649 1019 700; x_wconf 85' lang='lat' dir='ltr'>Nervae</span> <span class='ocrx_word' id='word_1_32' title='bbox 1058 650 1296 701; x_wconf 86' lang='lat' dir='ltr'>emendis</span> <span class='ocrx_word' id='word_1_33' title='bbox 1327 651 1654 712; x_wconf 86' lang='lat' dir='ltr'>dividendis·-</span> 
     </span>
     <span class='ocr_line' id='line_1_6' title="bbox 199 720 1677 794; baseline 0.003 -22"><span class='ocrx_word' id='word_1_34' title='bbox 199 739 300 789; x_wconf 86' lang='lat' dir='ltr'>que</span> <span class='ocrx_word' id='word_1_35' title='bbox 335 722 479 792; x_wconf 87' lang='lat' dir='ltr'>agris</span> <span class='ocrx_word' id='word_1_36' title='bbox 509 721 720 785; x_wconf 77' lang='lat' dir='ltr'>adjutor</span> <span class='ocrx_word' id='word_1_37' title='bbox 752 720 1059 789; x_wconf 64' lang='lat' dir='ltr'>assumptus,</span> <span class='ocrx_word' id='word_1_38' title='bbox 1104 723 1315 774; x_wconf 86' lang='lat' dir='ltr'>Etenim</span> <span class='ocrx_word' id='word_1_39' title='bbox 1353 725 1456 792; x_wconf 72' lang='lat' dir='ltr'>qua</span> <span class='ocrx_word' id='word_1_40' title='bbox 1481 725 1677 794; x_wconf 68' lang='lat' dir='ltr'>gloria-</span> 
     </span>
     <span class='ocr_line' id='line_1_7' title="bbox 198 794 1653 866; baseline 0.002 -19"><span class='ocrx_word' id='word_1_41' title='bbox 198 797 423 865; x_wconf 88' lang='lat' dir='ltr'>dignum</span> <span class='ocrx_word' id='word_1_42' title='bbox 447 794 549 858; x_wconf 83' lang='lat' dir='ltr'>est,</span> <span class='ocrx_word' id='word_1_43' title='bbox 584 796 794 848; x_wconf 79' lang='lat' dir='ltr'>summo</span> <span class='ocrx_word' id='word_1_44' title='bbox 816 796 942 848; x_wconf 83' lang='lat' dir='ltr'>viro</span> <span class='ocrx_word' id='word_1_45' title='bbox 980 796 1039 847; x_wconf 89' lang='lat' dir='ltr'>in</span> <span class='ocrx_word' id='word_1_46' title='bbox 1063 811 1206 848; x_wconf 88' lang='lat' dir='ltr'>tanta</span> <span class='ocrx_word' id='word_1_47' title='bbox 1225 797 1457 866; x_wconf 86' lang='lat' dir='ltr'>eligendi</span> <span class='ocrx_word' id='word_1_48' title='bbox 1488 800 1653 851; x_wconf 85' lang='lat' dir='ltr'>facul-</span> 
     </span>
     <span class='ocr_line' id='line_1_8' title="bbox 197 868 1651 939; baseline 0.003 -20"><span class='ocrx_word' id='word_1_49' title='bbox 197 883 306 921; x_wconf 84' lang='lat' dir='ltr'>tate</span> <span class='ocrx_word' id='word_1_50' title='bbox 336 868 609 938; x_wconf 75' lang='lat' dir='ltr'>praecipue</span> <span class='ocrx_word' id='word_1_51' title='bbox 632 868 916 937; x_wconf 81' lang='lat' dir='ltr'>placuiffe?</span> <span class='ocrx_word' id='word_1_52' title='bbox 945 870 1093 922; x_wconf 88' lang='lat' dir='ltr'>Idem</span> <span class='ocrx_word' id='word_1_53' title='bbox 1121 869 1279 939; x_wconf 77' lang='lat' dir='ltr'>quam</span> <span class='ocrx_word' id='word_1_54' title='bbox 1310 887 1651 937; x_wconf 83' lang='lat' dir='ltr'>reverenter,</span> 
     </span>
     <span class='ocr_line' id='line_1_9' title="bbox 183 941 1654 1014; baseline 0.002 -20"><span class='ocrx_word' id='word_1_55' title='bbox 183 941 358 1011; x_wconf 75' lang='lat' dir='ltr'>quam</span> <span class='ocrx_word' id='word_1_56' title='bbox 394 942 627 995; x_wconf 85' lang='lat' dir='ltr'>fideliter</span> <span class='ocrx_word' id='word_1_57' title='bbox 665 943 868 996; x_wconf 87' lang='lat' dir='ltr'>amicos</span> <span class='ocrx_word' id='word_1_58' title='bbox 902 944 1047 995; x_wconf 88' lang='lat' dir='ltr'>colat</span> <span class='ocrx_word' id='word_1_59' title='bbox 1066 983 1082 1007; x_wconf 82' lang='lat'>,</span> <span class='ocrx_word' id='word_1_60' title='bbox 1131 948 1425 997; x_wconf 88' lang='lat' dir='ltr'>multorum</span> <span class='ocrx_word' id='word_1_61' title='bbox 1468 945 1654 1014; x_wconf 87' lang='lat' dir='ltr'>supre-</span> 
     </span>
     <span class='ocr_line' id='line_1_10' title="bbox 195 1015 1657 1087; baseline 0.003 -21"><span class='ocrx_word' id='word_1_62' title='bbox 195 1015 300 1068; x_wconf 85' lang='lat' dir='ltr'>mis</span> <span class='ocrx_word' id='word_1_63' title='bbox 334 1015 553 1082; x_wconf 71' lang='lat' dir='ltr'>judiciis</span> <span class='ocrx_word' id='word_1_64' title='bbox 574 1056 590 1079; x_wconf 81' lang='grc'><em>,</em></span> <span class='ocrx_word' id='word_1_65' title='bbox 622 1015 682 1068; x_wconf 89' lang='lat' dir='ltr'>in</span> <span class='ocrx_word' id='word_1_66' title='bbox 709 1016 795 1068; x_wconf 89' lang='lat' dir='ltr'>his</span> <span class='ocrx_word' id='word_1_67' title='bbox 833 1016 1078 1069; x_wconf 87' lang='lat' dir='ltr'>Musonii</span> <span class='ocrx_word' id='word_1_68' title='bbox 1114 1017 1302 1083; x_wconf 86' lang='lat' dir='ltr'>Bassi,</span> <span class='ocrx_word' id='word_1_69' title='bbox 1338 1018 1657 1087; x_wconf 88' lang='lat' dir='ltr'>gravissimi</span> 
     </span>
     <span class='ocr_line' id='line_1_11' title="bbox 197 1088 1654 1163; baseline 0.002 -22"><span class='ocrx_word' id='word_1_70' title='bbox 197 1088 337 1142; x_wconf 83' lang='lat' dir='ltr'>civis</span> <span class='ocrx_word' id='word_1_71' title='bbox 361 1129 376 1153; x_wconf 89' lang='lat'>,</span> <span class='ocrx_word' id='word_1_72' title='bbox 416 1091 627 1142; x_wconf 86' lang='lat' dir='ltr'>credere</span> <span class='ocrx_word' id='word_1_73' title='bbox 652 1105 808 1159; x_wconf 89' lang='lat' dir='ltr'>potes</span> <span class='ocrx_word' id='word_1_74' title='bbox 832 1130 847 1153; x_wconf 85' lang='lat'>‚</span> <span class='ocrx_word' id='word_1_75' title='bbox 880 1089 1029 1155; x_wconf 80' lang='lat' dir='ltr'>cujus</span> <span class='ocrx_word' id='word_1_76' title='bbox 1056 1091 1370 1143; x_wconf 86' lang='lat' dir='ltr'>memoriam</span> <span class='ocrx_word' id='word_1_77' title='bbox 1401 1107 1506 1144; x_wconf 85' lang='lat' dir='ltr'>tam</span> <span class='ocrx_word' id='word_1_78' title='bbox 1533 1110 1654 1163; x_wconf 81' lang='lat' dir='ltr'>gra-</span> 
     </span>
     <span class='ocr_line' id='line_1_12' title="bbox 197 1162 1654 1233; baseline 0.003 -20"><span class='ocrx_word' id='word_1_79' title='bbox 197 1162 254 1215; x_wconf 69' lang='lat' dir='ltr'>ta</span> <span class='ocrx_word' id='word_1_80' title='bbox 288 1163 677 1232; x_wconf 74' lang='lat' dir='ltr'>praedicatione</span> <span class='ocrx_word' id='word_1_81' title='bbox 713 1179 970 1233; x_wconf 86' lang='lat' dir='ltr'>prorogat</span> <span class='ocrx_word' id='word_1_82' title='bbox 1004 1164 1055 1216; x_wconf 84' lang='lat'>&amp;</span> <span class='ocrx_word' id='word_1_83' title='bbox 1075 1166 1317 1217; x_wconf 81' lang='lat' dir='ltr'>extendit</span> <span class='ocrx_word' id='word_1_84' title='bbox 1338 1206 1353 1229; x_wconf 85' lang='lat'>‚</span> <span class='ocrx_word' id='word_1_85' title='bbox 1376 1180 1436 1217; x_wconf 90' lang='lat' dir='ltr'>ut</span> <span class='ocrx_word' id='word_1_86' title='bbox 1459 1167 1654 1218; x_wconf 88' lang='lat' dir='ltr'>librum</span> 
     </span>
     <span class='ocr_line' id='line_1_13' title="bbox 198 1236 1649 1307; baseline 0.001 -18"><span class='ocrx_word' id='word_1_87' title='bbox 198 1238 262 1289; x_wconf 87' lang='lat' dir='ltr'>de</span> <span class='ocrx_word' id='word_1_88' title='bbox 305 1237 428 1290; x_wconf 86' lang='lat' dir='ltr'>vita</span> <span class='ocrx_word' id='word_1_89' title='bbox 475 1236 590 1302; x_wconf 79' lang='lat' dir='ltr'>ejus</span> <span class='ocrx_word' id='word_1_90' title='bbox 624 1239 647 1305; x_wconf 93' lang='lat'>(</span> <span class='ocrx_word' id='word_1_91' title='bbox 680 1255 804 1289; x_wconf 89' lang='lat' dir='ltr'>nam</span> <span class='ocrx_word' id='word_1_92' title='bbox 839 1236 1004 1289; x_wconf 84' lang='lat' dir='ltr'>studia</span> <span class='ocrx_word' id='word_1_93' title='bbox 1040 1254 1261 1307; x_wconf 87' lang='lat' dir='ltr'>quoque</span> <span class='ocrx_word' id='word_1_94' title='bbox 1286 1278 1301 1301; x_wconf 85' lang='lat'>‚</span> <span class='ocrx_word' id='word_1_95' title='bbox 1340 1238 1481 1290; x_wconf 88' lang='lat' dir='ltr'>sicut</span> <span class='ocrx_word' id='word_1_96' title='bbox 1519 1239 1649 1291; x_wconf 85' lang='lat' dir='ltr'>alias</span> 
     </span>
     <span class='ocr_line' id='line_1_14' title="bbox 182 1310 1653 1377; baseline 0.001 -16"><span class='ocrx_word' id='word_1_97' title='bbox 182 1326 336 1364; x_wconf 73' lang='lat' dir='ltr'>artes</span> <span class='ocrx_word' id='word_1_98' title='bbox 392 1313 561 1363; x_wconf 88' lang='lat' dir='ltr'>bonas</span> <span class='ocrx_word' id='word_1_99' title='bbox 601 1350 616 1374; x_wconf 89' lang='lat'>‚</span> <span class='ocrx_word' id='word_1_100' title='bbox 675 1326 960 1363; x_wconf 87' lang='lat' dir='ltr'>veneratur</span> <span class='ocrx_word' id='word_1_101' title='bbox 1000 1310 1047 1377; x_wconf 90' lang='lat'>)·</span> <span class='ocrx_word' id='word_1_102' title='bbox 1072 1311 1310 1364; x_wconf 86' lang='lat' dir='ltr'>ediderit.</span> <span class='ocrx_word' id='word_1_103' title='bbox 1366 1312 1653 1364; x_wconf 86' lang='lat' dir='ltr'>Pulchrum</span> 
     </span>
     <span class='ocr_line' id='line_1_15' title="bbox 197 1384 1657 1454; baseline 0 -17"><span class='ocrx_word' id='word_1_104' title='bbox 197 1384 332 1437; x_wconf 86' lang='lat' dir='ltr'>istud</span> <span class='ocrx_word' id='word_1_105' title='bbox 350 1424 366 1448; x_wconf 83' lang='lat'>‚</span> <span class='ocrx_word' id='word_1_106' title='bbox 405 1386 459 1436; x_wconf 70' lang='grc' dir='ltr'>ὃ(</span> <span class='ocrx_word' id='word_1_107' title='bbox 490 1385 702 1436; x_wconf 88' lang='lat' dir='ltr'>raritate</span> <span class='ocrx_word' id='word_1_108' title='bbox 735 1385 850 1453; x_wconf 67' lang='lat' dir='ltr'>ipsa</span> <span class='ocrx_word' id='word_1_109' title='bbox 873 1387 1204 1453; x_wconf 90' lang='lat' dir='ltr'>probandum</span> <span class='ocrx_word' id='word_1_110' title='bbox 1231 1425 1246 1449; x_wconf 90' lang='lat'>‚</span> <span class='ocrx_word' id='word_1_111' title='bbox 1284 1402 1450 1454; x_wconf 85' lang='lat' dir='ltr'>quum</span> <span class='ocrx_word' id='word_1_112' title='bbox 1488 1385 1657 1454; x_wconf 84' lang='lat' dir='ltr'>pleri-</span> 
     </span>
     <span class='ocr_line' id='line_1_16' title="bbox 201 1458 1654 1527; baseline 0.001 -16"><span class='ocrx_word' id='word_1_113' title='bbox 201 1475 302 1527; x_wconf 89' lang='lat' dir='ltr'>que</span> <span class='ocrx_word' id='word_1_114' title='bbox 337 1458 597 1511; x_wconf 66' lang='lat' dir='ltr'>hac&#39;tenus</span> <span class='ocrx_word' id='word_1_115' title='bbox 627 1458 995 1511; x_wconf 74' lang='lat' dir='ltr'>defunCtorum</span> <span class='ocrx_word' id='word_1_116' title='bbox 1029 1459 1372 1511; x_wconf 88' lang='lat' dir='ltr'>meminerint</span> <span class='ocrx_word' id='word_1_117' title='bbox 1396 1499 1411 1522; x_wconf 85' lang='lat'>‚</span> <span class='ocrx_word' id='word_1_118' title='bbox 1445 1474 1505 1511; x_wconf 93' lang='lat' dir='ltr'>ut</span> <span class='ocrx_word' id='word_1_119' title='bbox 1525 1476 1654 1527; x_wconf 88' lang='lat' dir='ltr'>que-</span> 
     </span>
     <span class='ocr_line' id='line_1_17' title="bbox 202 1532 1655 1600; baseline 0 -17"><span class='ocrx_word' id='word_1_120' title='bbox 202 1546 402 1584; x_wconf 84' lang='lat' dir='ltr'>rantur.</span> <span class='ocrx_word' id='word_1_121' title='bbox 453 1533 614 1584; x_wconf 86' lang='lat' dir='ltr'>Hunc</span> <span class='ocrx_word' id='word_1_122' title='bbox 655 1532 932 1584; x_wconf 84' lang='lat' dir='ltr'>hominem</span> <span class='ocrx_word' id='word_1_123' title='bbox 961 1571 975 1595; x_wconf 95' lang='lat'>,</span> <span class='ocrx_word' id='word_1_124' title='bbox 1029 1532 1528 1600; x_wconf 81' lang='lat' dir='ltr'>appetentissimum</span> <span class='ocrx_word' id='word_1_125' title='bbox 1571 1532 1655 1583; x_wconf 87' lang='lat' dir='ltr'>tui</span> 
     </span>
     <span class='ocr_line' id='line_1_18' title="bbox 204 1605 1656 1676; baseline 0 -19"><span class='ocrx_word' id='word_1_126' title='bbox 204 1607 226 1673; x_wconf 90' lang='lat'><strong>(</strong></span> <span class='ocrx_word' id='word_1_127' title='bbox 249 1606 386 1657; x_wconf 87' lang='lat' dir='ltr'>mihi</span> <span class='ocrx_word' id='word_1_128' title='bbox 411 1605 606 1673; x_wconf 90' lang='lat' dir='ltr'>crede)</span> <span class='ocrx_word' id='word_1_129' title='bbox 631 1606 988 1676; x_wconf 63' lang='lat' dir='ltr'>complectere</span> <span class='ocrx_word' id='word_1_130' title='bbox 1020 1645 1034 1668; x_wconf 90' lang='lat'>,</span> <span class='ocrx_word' id='word_1_131' title='bbox 1073 1607 1405 1673; x_wconf 87' lang='lat' dir='ltr'>apprehende</span> <span class='ocrx_word' id='word_1_132' title='bbox 1428 1645 1443 1669; x_wconf 89' lang='lat'>,</span> <span class='ocrx_word' id='word_1_133' title='bbox 1481 1606 1656 1657; x_wconf 88' lang='lat' dir='ltr'>immo</span> 
     </span>
     <span class='ocr_line' id='line_1_19' title="bbox 203 1678 1654 1747; baseline 0.001 -18"><span class='ocrx_word' id='word_1_134' title='bbox 203 1681 255 1729; x_wconf 73' lang='grc' dir='ltr'>δι</span> <span class='ocrx_word' id='word_1_135' title='bbox 286 1679 466 1731; x_wconf 86' lang='lat' dir='ltr'>invita</span> <span class='ocrx_word' id='word_1_136' title='bbox 493 1718 507 1741; x_wconf 89' lang='lat'>,</span> <span class='ocrx_word' id='word_1_137' title='bbox 542 1696 600 1730; x_wconf 93' lang='lat' dir='ltr'>ac</span> <span class='ocrx_word' id='word_1_138' title='bbox 624 1679 701 1731; x_wconf 88' lang='lat' dir='ltr'>sic</span> <span class='ocrx_word' id='word_1_139' title='bbox 739 1696 855 1730; x_wconf 88' lang='lat' dir='ltr'>ama</span> <span class='ocrx_word' id='word_1_140' title='bbox 887 1692 1157 1746; x_wconf 85' lang='lat' dir='ltr'>tamquam</span> <span class='ocrx_word' id='word_1_141' title='bbox 1179 1678 1400 1747; x_wconf 86' lang='lat' dir='ltr'>gratiam</span> <span class='ocrx_word' id='word_1_142' title='bbox 1436 1679 1654 1731; x_wconf 75' lang='lat' dir='ltr'>referas·</span> 
     </span>
     <span class='ocr_line' id='line_1_20' title="bbox 201 1749 1654 1822; baseline 0.001 -19"><span class='ocrx_word' id='word_1_143' title='bbox 201 1754 390 1822; x_wconf 87' lang='lat' dir='ltr'>Neque</span> <span class='ocrx_word' id='word_1_144' title='bbox 412 1752 560 1804; x_wconf 87' lang='lat' dir='ltr'>enim</span> <span class='ocrx_word' id='word_1_145' title='bbox 581 1753 891 1820; x_wconf 87' lang='lat' dir='ltr'>obligandus</span> <span class='ocrx_word' id='word_1_146' title='bbox 914 1792 929 1816; x_wconf 90' lang='lat'>,</span> <span class='ocrx_word' id='word_1_147' title='bbox 956 1753 1044 1804; x_wconf 90' lang='lat' dir='ltr'>sed</span> <span class='ocrx_word' id='word_1_148' title='bbox 1064 1752 1476 1803; x_wconf 87' lang='lat' dir='ltr'>remunerandus</span> <span class='ocrx_word' id='word_1_149' title='bbox 1499 1749 1574 1804; x_wconf 86' lang='lat' dir='ltr'>est</span> <span class='ocrx_word' id='word_1_150' title='bbox 1597 1751 1654 1804; x_wconf 88' lang='lat' dir='ltr'>in</span> 
     </span>
     <span class='ocr_line' id='line_1_21' title="bbox 202 1825 1398 1896; baseline -0.003 -18"><span class='ocrx_word' id='word_1_151' title='bbox 202 1827 404 1881; x_wconf 85' lang='lat' dir='ltr'>amoris</span> <span class='ocrx_word' id='word_1_152' title='bbox 444 1825 626 1879; x_wconf 85' lang='lat' dir='ltr'>officio</span> <span class='ocrx_word' id='word_1_153' title='bbox 649 1867 664 1890; x_wconf 85' lang='lat'>‚</span> <span class='ocrx_word' id='word_1_154' title='bbox 698 1826 793 1896; x_wconf 86' lang='lat' dir='ltr'>qui</span> <span class='ocrx_word' id='word_1_155' title='bbox 828 1826 983 1895; x_wconf 86' lang='lat' dir='ltr'>prior</span> <span class='ocrx_word' id='word_1_156' title='bbox 1012 1825 1200 1895; x_wconf 87' lang='lat' dir='ltr'>coepit.</span> <span class='ocrx_word' id='word_1_157' title='bbox 1238 1825 1398 1880; x_wconf 86' lang='lat' dir='ltr'>Vale.</span> 
     </span>
    </p>
   </div>
   <div class='ocr_carea' id='block_1_3' title="bbox 187 1948 1657 2007">
    <p class='ocr_par' dir='ltr' id='par_1_3' title="bbox 187 1948 1657 2007">
     <span class='ocr_line' id='line_1_22' title="bbox 187 1948 1657 2007; baseline 0.001 -6"><span class='ocrx_word' id='word_1_158' title='bbox 187 1948 437 2007; x_wconf 79' lang='lat' dir='ltr'>XXXII.</span> <span class='ocrx_word' id='word_1_159' title='bbox 484 1949 655 2002; x_wconf 66' lang='lat' dir='ltr'>Ptin.</span> <span class='ocrx_word' id='word_1_160' title='bbox 709 1949 967 2000; x_wconf 68' lang='lat' dir='ltr'>Fun-o</span> <span class='ocrx_word' id='word_1_161' title='bbox 1011 1948 1391 2002; x_wconf 72' lang='lat' dir='ltr'>Pnosocmto</span> <span class='ocrx_word' id='word_1_162' title='bbox 1435 1960 1559 2001; x_wconf 78' lang='lat' dir='ltr'>suo</span> <span class='ocrx_word' id='word_1_163' title='bbox 1600 1948 1657 2003; x_wconf 88' lang='lat' dir='ltr'>S.</span> 
     </span>
    </p>
   </div>
   <div class='ocr_carea' id='block_1_4' title="bbox 209 2043 1661 2264">
    <p class='ocr_par' dir='ltr' id='par_1_4' title="bbox 209 2043 1661 2264">
     <span class='ocr_line' id='line_1_23' title="bbox 209 2043 1661 2113; baseline -0.002 -14"><span class='ocrx_word' id='word_1_164' title='bbox 209 2048 434 2099; x_wconf 80' lang='lat' dir='ltr'>Tironem</span> <span class='ocrx_word' id='word_1_165' title='bbox 467 2048 533 2095; x_wconf 81' lang='lat' dir='ltr'>ad</span> <span class='ocrx_word' id='word_1_166' title='bbox 563 2045 786 2095; x_wconf 76' lang='lat' dir='ltr'>Fabatum</span> <span class='ocrx_word' id='word_1_167' title='bbox 808 2044 1050 2112; x_wconf 81' lang='lat' dir='ltr'>devertiffe</span> <span class='ocrx_word' id='word_1_168' title='bbox 1067 2080 1082 2105; x_wconf 86' lang='lat'>,</span> <span class='ocrx_word' id='word_1_169' title='bbox 1120 2043 1434 2113; x_wconf 80' lang='lat' dir='ltr'>plurimosque</span> <span class='ocrx_word' id='word_1_170' title='bbox 1452 2083 1470 2103; x_wconf 86' lang='lat'>,</span> <span class='ocrx_word' id='word_1_171' title='bbox 1495 2062 1661 2098; x_wconf 80' lang='lat' dir='ltr'>manu-</span> 
     </span>
     <span class='ocr_line' id='line_1_24' title="bbox 272 2118 1661 2187; baseline -0.001 -16"><span class='ocrx_word' id='word_1_172' title='bbox 272 2119 431 2187; x_wconf 78' lang='lat' dir='ltr'>miffos</span> <span class='ocrx_word' id='word_1_173' title='bbox 472 2118 582 2169; x_wconf 60' lang='lat' dir='ltr'>ant&amp;</span> <span class='ocrx_word' id='word_1_174' title='bbox 607 2151 626 2180; x_wconf 83' lang='lat'>,</span> <span class='ocrx_word' id='word_1_175' title='bbox 658 2120 865 2170; x_wconf 73' lang='grc' dir='ltr'><strong><em>νίηάὶἑῖίί</em></strong></span> <span class='ocrx_word' id='word_1_176' title='bbox 888 2119 1116 2169; x_wconf 79' lang='lat' dir='ltr'>liberatos</span> <span class='ocrx_word' id='word_1_177' title='bbox 1148 2119 1281 2170; x_wconf 61' lang='lat' dir='ltr'>unici</span> <span class='ocrx_word' id='word_1_178' title='bbox 1304 2121 1509 2173; x_wconf 66' lang='lat' dir='ltr'>letatur.</span> <span class='ocrx_word' id='word_1_179' title='bbox 1535 2120 1661 2175; x_wconf 72' lang='lat' dir='ltr'>Vide</span> 
     </span>
     <span class='ocr_line' id='line_1_25' title="bbox 266 2192 546 2264; baseline 0.004 -20"><span class='ocrx_word' id='word_1_180' title='bbox 266 2193 420 2264; x_wconf 59' lang='lat' dir='ltr'>supr&amp;</span> <span class='ocrx_word' id='word_1_181' title='bbox 456 2192 546 2245; x_wconf 82' lang='lat'>16·</span> 
     </span>
    </p>
   </div>
   <div class='ocr_carea' id='block_1_5' title="bbox 181 2303 1742 2925">
    <p class='ocr_par' dir='ltr' id='par_1_5' title="bbox 181 2303 1742 2925">
     <span class='ocr_line' id='line_1_26' title="bbox 206 2303 1663 2403; baseline 0.002 -10"><span class='ocrx_word' id='word_1_182' title='bbox 206 2303 300 2398; x_wconf 86' lang='lat' dir='ltr'><strong>D</strong></span> <span class='ocrx_word' id='word_1_183' title='bbox 323 2352 617 2393; x_wconf 68' lang='lat' dir='ltr'>Ettcron</span> <span class='ocrx_word' id='word_1_184' title='bbox 652 2337 943 2403; x_wconf 80' lang='lat' dir='ltr'>jucundum</span> <span class='ocrx_word' id='word_1_185' title='bbox 979 2337 1079 2391; x_wconf 88' lang='lat' dir='ltr'>tibi</span> <span class='ocrx_word' id='word_1_186' title='bbox 1112 2337 1263 2391; x_wconf 81' lang='lat' dir='ltr'>fuiss&#39;e</span> <span class='ocrx_word' id='word_1_187' title='bbox 1289 2339 1512 2394; x_wconf 82' lang='lat' dir='ltr'>Tironis</span> <span class='ocrx_word' id='word_1_188' title='bbox 1550 2340 1663 2396; x_wconf 76' lang='lat' dir='ltr'>mei</span> 
     </span>
     <span class='ocr_line' id='line_1_27' title="bbox 204 2411 1661 2479; baseline 0.001 -11"><span class='ocrx_word' id='word_1_189' title='bbox 204 2417 516 2468; x_wconf 76' lang='lat' dir='ltr'>adventum.</span> <span class='ocrx_word' id='word_1_190' title='bbox 563 2412 728 2479; x_wconf 79' lang='lat' dir='ltr'>Quod</span> <span class='ocrx_word' id='word_1_191' title='bbox 756 2411 891 2465; x_wconf 78' lang='lat' dir='ltr'>vero</span> <span class='ocrx_word' id='word_1_192' title='bbox 919 2412 1102 2464; x_wconf 86' lang='lat' dir='ltr'>scribis</span> <span class='ocrx_word' id='word_1_193' title='bbox 1124 2453 1139 2477; x_wconf 85' lang='lat'>‚</span> <span class='ocrx_word' id='word_1_194' title='bbox 1165 2414 1341 2466; x_wconf 73' lang='lat' dir='ltr'>oblata</span> <span class='ocrx_word' id='word_1_195' title='bbox 1370 2416 1661 2469; x_wconf 79' lang='lat' dir='ltr'>occasione</span> 
     </span>
     <span class='ocr_line' id='line_1_28' title="bbox 206 2485 1665 2556; baseline 0.003 -17"><span class='ocrx_word' id='word_1_196' title='bbox 206 2486 548 2556; x_wconf 87' lang='lat' dir='ltr'>proconsulis</span> <span class='ocrx_word' id='word_1_197' title='bbox 570 2526 585 2549; x_wconf 90' lang='lat'>,</span> <span class='ocrx_word' id='word_1_198' title='bbox 609 2487 871 2555; x_wconf 89' lang='lat' dir='ltr'>plurimos</span> <span class='ocrx_word' id='word_1_199' title='bbox 892 2485 1233 2539; x_wconf 81' lang='lat' dir='ltr'>manumiss‘os</span> <span class='ocrx_word' id='word_1_200' title='bbox 1253 2527 1271 2552; x_wconf 82' lang='lat'>,</span> <span class='ocrx_word' id='word_1_201' title='bbox 1293 2487 1453 2542; x_wconf 71' lang='lat' dir='ltr'>unice</span> <span class='ocrx_word' id='word_1_202' title='bbox 1483 2492 1665 2544; x_wconf 81' lang='lat' dir='ltr'>laetor.</span> 
     </span>
     <span class='ocr_line' id='line_1_29' title="bbox 181 2559 1661 2633; baseline 0.001 -20"><span class='ocrx_word' id='word_1_203' title='bbox 181 2560 392 2631; x_wconf 60' lang='lat' dir='ltr'>‘Cupio</span> <span class='ocrx_word' id='word_1_204' title='bbox 426 2562 576 2612; x_wconf 86' lang='lat' dir='ltr'>enim</span> <span class='ocrx_word' id='word_1_205' title='bbox 612 2560 837 2628; x_wconf 88' lang='lat' dir='ltr'>patriam</span> <span class='ocrx_word' id='word_1_206' title='bbox 882 2559 1112 2613; x_wconf 85' lang='lat' dir='ltr'>nostram</span> <span class='ocrx_word' id='word_1_207' title='bbox 1153 2561 1401 2614; x_wconf 88' lang='lat' dir='ltr'>omnibus</span> <span class='ocrx_word' id='word_1_208' title='bbox 1443 2562 1661 2633; x_wconf 83' lang='lat' dir='ltr'>quidem</span> 
     </span>
     <span class='ocr_line' id='line_1_30' title="bbox 204 2632 1664 2703; baseline 0.002 -17"><span class='ocrx_word' id='word_1_209' title='bbox 204 2638 363 2688; x_wconf 84' lang='lat' dir='ltr'>rebus</span> <span class='ocrx_word' id='word_1_210' title='bbox 409 2634 592 2703; x_wconf 85' lang='lat' dir='ltr'>augeri</span> <span class='ocrx_word' id='word_1_211' title='bbox 616 2674 631 2697; x_wconf 86' lang='lat'>‚</span> <span class='ocrx_word' id='word_1_212' title='bbox 667 2632 904 2687; x_wconf 77' lang='lat' dir='ltr'>maxime</span> <span class='ocrx_word' id='word_1_213' title='bbox 947 2649 1127 2686; x_wconf 86' lang='lat' dir='ltr'>tamen</span> <span class='ocrx_word' id='word_1_214' title='bbox 1156 2634 1364 2687; x_wconf 85' lang='lat' dir='ltr'>civium</span> <span class='ocrx_word' id='word_1_215' title='bbox 1412 2652 1664 2690; x_wconf 88' lang='lat' dir='ltr'>numero.</span> 
     </span>
     <span class='ocr_line' id='line_1_31' title="bbox 181 2706 1667 2777; baseline 0.001 -16"><span class='ocrx_word' id='word_1_216' title='bbox 181 2716 184 2723; x_wconf 92' lang='lat'>&#39;</span> <span class='ocrx_word' id='word_1_217' title='bbox 207 2709 270 2761; x_wconf 86' lang='lat' dir='ltr'>Id</span> <span class='ocrx_word' id='word_1_218' title='bbox 283 2707 439 2777; x_wconf 83' lang='lat' dir='ltr'>enim</span> <span class='ocrx_word' id='word_1_219' title='bbox 466 2708 682 2777; x_wconf 90' lang='lat' dir='ltr'>oppidis</span> <span class='ocrx_word' id='word_1_220' title='bbox 714 2706 1085 2760; x_wconf 82' lang='lat' dir='ltr'>firmissimum</span> <span class='ocrx_word' id='word_1_221' title='bbox 1109 2723 1505 2761; x_wconf 86' lang='lat' dir='ltr'>ornamentum.</span> <span class='ocrx_word' id='word_1_222' title='bbox 1528 2710 1667 2762; x_wconf 80' lang='lat' dir='ltr'>Illud</span> 
     </span>
     <span class='ocr_line' id='line_1_32' title="bbox 206 2781 1742 2848; baseline 0.001 -14"><span class='ocrx_word' id='word_1_223' title='bbox 206 2783 375 2834; x_wconf 87' lang='lat' dir='ltr'>etiam</span> <span class='ocrx_word' id='word_1_224' title='bbox 397 2799 485 2834; x_wconf 87' lang='lat' dir='ltr'>me</span> <span class='ocrx_word' id='word_1_225' title='bbox 507 2823 522 2846; x_wconf 84' lang='lat'>‚</span> <span class='ocrx_word' id='word_1_226' title='bbox 547 2798 662 2834; x_wconf 86' lang='lat' dir='ltr'>non</span> <span class='ocrx_word' id='word_1_227' title='bbox 679 2797 740 2834; x_wconf 90' lang='lat' dir='ltr'>ut</span> <span class='ocrx_word' id='word_1_228' title='bbox 758 2781 1103 2835; x_wconf 81' lang='lat' dir='ltr'>ambitiosum</span> <span class='ocrx_word' id='word_1_229' title='bbox 1125 2822 1140 2846; x_wconf 90' lang='lat'>‚</span> <span class='ocrx_word' id='word_1_230' title='bbox 1172 2783 1261 2835; x_wconf 87' lang='lat' dir='ltr'>sed</span> <span class='ocrx_word' id='word_1_231' title='bbox 1282 2794 1461 2834; x_wconf 72' lang='lat' dir='ltr'>tamen</span> <span class='ocrx_word' id='word_1_232' title='bbox 1485 2782 1635 2848; x_wconf 82' lang='lat' dir='ltr'>juvat</span> <span class='ocrx_word' id='word_1_233' title='bbox 1656 2822 1673 2846; x_wconf 84' lang='lat'>,</span> <span class='ocrx_word' id='word_1_234' title='bbox 1738 2832 1742 2836; x_wconf 91' lang='lat'>.</span> 
     </span>
     <span class='ocr_line' id='line_1_33' title="bbox 211 2853 1667 2925; baseline 0.001 -18"><span class='ocrx_word' id='word_1_235' title='bbox 211 2858 364 2924; x_wconf 88' lang='lat' dir='ltr'>quod</span> <span class='ocrx_word' id='word_1_236' title='bbox 391 2854 579 2921; x_wconf 74' lang='lat' dir='ltr'>adjicis</span> <span class='ocrx_word' id='word_1_237' title='bbox 599 2896 613 2920; x_wconf 94' lang='lat'>,</span> <span class='ocrx_word' id='word_1_238' title='bbox 643 2871 697 2908; x_wconf 91' lang='lat' dir='ltr'>te</span> <span class='ocrx_word' id='word_1_239' title='bbox 734 2872 925 2925; x_wconf 89' lang='lat' dir='ltr'>meque</span> <span class='ocrx_word' id='word_1_240' title='bbox 959 2857 1012 2908; x_wconf 71' lang='grc' dir='ltr'>δι</span> <span class='ocrx_word' id='word_1_241' title='bbox 1046 2856 1329 2925; x_wconf 85' lang='lat' dir='ltr'>gratiarum</span> <span class='ocrx_word' id='word_1_242' title='bbox 1361 2853 1572 2907; x_wconf 70' lang='lat' dir='ltr'>a6tione</span> <span class='ocrx_word' id='word_1_243' title='bbox 1615 2855 1667 2908; x_wconf 75' lang='grc' dir='ltr'>δε</span> 
     </span>
    </p>
   </div>
   <div class='ocr_carea' id='block_1_6' title="bbox 175 2927 1679 3069">
    <p class='ocr_par' dir='ltr' id='par_1_6' title="bbox 175 2927 1679 3069">
     <span class='ocr_line' id='line_1_34' title="bbox 175 2927 1679 3053; baseline 0 -72"><span class='ocrx_word' id='word_1_244' title='bbox 175 2946 182 2952; x_wconf 87' lang='grc'><em>·</em></span> <span class='ocrx_word' id='word_1_245' title='bbox 209 2931 371 2983; x_wconf 62' lang='lat' dir='ltr'>laude</span> <span class='ocrx_word' id='word_1_246' title='bbox 413 2931 729 2983; x_wconf 81' lang='lat' dir='ltr'>celebratos.</span> <span class='ocrx_word' id='word_1_247' title='bbox 770 2928 851 2982; x_wconf 86' lang='lat' dir='ltr'>Est</span> <span class='ocrx_word' id='word_1_248' title='bbox 882 2929 1028 2982; x_wconf 85' lang='lat' dir='ltr'>enim</span> <span class='ocrx_word' id='word_1_249' title='bbox 1054 2969 1071 2993; x_wconf 88' lang='lat'>‚</span> <span class='ocrx_word' id='word_1_250' title='bbox 1111 2945 1170 2981; x_wconf 91' lang='lat' dir='ltr'>ut</span> <span class='ocrx_word' id='word_1_251' title='bbox 1203 2927 1519 3053; x_wconf 51' lang='lat' dir='ltr'><strong>xeffphpn</strong></span> <span class='ocrx_word' id='word_1_252' title='bbox 1559 2929 1632 2981; x_wconf 77' lang='lat' dir='ltr'>ait</span> <span class='ocrx_word' id='word_1_253' title='bbox 1658 2969 1679 2991; x_wconf 75' lang='grc'>,</span> 
     </span>
     <span class='ocr_line' id='line_1_35' title="bbox 1384 3020 1453 3069; baseline 0 0"><span class='ocrx_word' id='word_1_254' title='bbox 1384 3020 1453 3069; x_wconf 71' lang='lat' dir='ltr'>VJ</span> 
     </span>
    </p>
   </div>
  </div>
 </body>
</html>
