1951 3720
355 286 491 360 ¹30
684 264 964 332 CAII
1034 261 1469 333 PLINII

338 391 487 446 laxat
517 425 535 453 ‚
571 384 739 442 modo
778 386 1003 440 includit
1027 425 1042 451 ‚
1080 402 1243 454 prout
1291 384 1471 439 illatus
1517 385 1814 455 occur-iit}

343 478 435 516 aut
473 461 699 516 decessit
735 462 1033 529 expulsus?
1074 461 1237 528 Quod
1267 459 1325 511 in
1360 462 1610 529 ampullis
1652 477 1811 516 cete·

345 537 523 606 risque
561 535 770 607 generis
808 534 1040 601 ejusdem
1075 535 1322 587 videmus
1360 534 1592 589 accidere
1615 576 1633 601 ‚
1673 536 1816 605 qui„-

345 611 445 664 bus
481 628 593 663 non
621 610 775 663 hians
794 649 812 673 ,
841 626 939 661 nec
968 608 1145 661 statim
1179 625 1366 678 patens
1405 609 1602 662 exitus.
1656 611 1816 681 Nam

345 683 440 737 ina
470 702 715 753 quoque,
742 700 1060 752 quamquam
1087 699 1256 751 prona
1290 699 1446 753 atque
1483 684 1819 754 vergentia,

345 776 445 827 per
490 759 738 827 quasdam
777 756 1096 809 obluctantis
1143 757 1333 809 animae
1373 775 1550 810 moras
1599 758 1811 812 crebris

348 832 501 901 quasi
541 832 857 908 singultibus
903 830 1091 884 sistunt
1115 870 1130 894 ,
1171 833 1316 900 quod
1361 831 1660 885 effundunt.
1715 833 1819 884 An.

343 923 467 974 unae
494 905 716 958 Oceano
739 921 952 968 natura,
995 905 1135 957 fonti
1154 908 1413 974 quoque?
1454 905 1661 974 quaque
1710 905 1814 958 ine

346 981 558 1032 ratione
597 993 686 1031 aut
717 979 1009 1048 impellitur
1046 995 1136 1031 aut
1164 980 1462 1032 resorbetur
1487 1018 1503 1042 ‚
1539 981 1638 1031 hac
1674 996 1817 1046 moy

348 1052 497 1105 dicus
515 1053 602 1105 hic
626 1055 821 1106 humor
848 1052 1057 1105 vicibus
1089 1053 1306 1105 alternis
1339 1051 1688 1121 supprimitur
1714 1054 1821 1107 vel

347 1126 612 1196 erigitur?
649 1130 735 1178 An
770 1141 829 1179 ut
854 1126 1075 1179 flumina
1095 1167 1111 1191 ‚
1148 1145 1264 1195 quae
1291 1126 1351 1179 inv
1382 1123 1523 1179 mare
1548 1128 1822 1197 deferuny

347 1199 440 1253 'tur
465 1240 480 1264 ,
518 1201 912 1254 adversantibus
942 1200 1123 1254 ventis
1144 1241 1161 1264 ‚
1192 1200 1466 1270 obvioque
1490 1199 1615 1252 aestu
1632 1214 1819 1268 retor-

337 1294 343 1304 ·
390 1290 580 1327 nentur
600 1314 616 1338 ‚
652 1276 725 1326 ita
748 1274 819 1325 est
852 1274 1052 1343 aliquid
1082 1276 1227 1343 quod
1247 1273 1405 1339 hujus
1423 1273 1589 1327 fontis
1614 1291 1818 1327 excur-

315 1411 316 1414 ,
372 1365 470 1399 um
493 1347 853 1415 repercutiat?
881 1354 964 1399 An
985 1349 1267 1401 latentibus
1298 1348 1455 1401 venis
1486 1364 1628 1400 certa
1649 1366 1821 1400 men·

355 1420 474 1473 sura
492 1461 507 1484 ‚
535 1439 660 1489 quae·
683 1424 806 1473 dum
844 1421 1053 1492 colligit
1077 1424 1221 1491 quod
1256 1422 1596 1486 exhauserat,
1623 1421 1817 1475 minor

347 1493 508 1546 'rivus
543 1496 595 1547 ὅ(
629 1494 870 1564 pigrior·,
909 1514 1074 1564 quum
1096 1496 1314 1566 collegit
1337 1535 1353 1559 ‚
1385 1496 1576 1567 agilior
1601 1495 1822 1558 major·-

357 1584 460 1636 que
509 1570 788 1636 profertur
826 1571 848 1622 ἓ
892 1570 986 1620 An
1024 1570 1204 1622 nescio
1247 1571 1393 1638 quod
1430 1569 1823 1622 libramentum.

357 1641 593 1693 abditum
629 1643 683 1694 &
713 1659 910 1695 caecum
931 1682 947 1706 ‚
972 1646 1118 1712 quod
1141 1661 1306 1712 quum
1323 1643 1662 1697 exinanitum
1698 1642 1777 1696 est
1793 1681 1821 1708 ,.

356 1713 578 1767 suscitat·
607 1717 659 1769 &
692 1715 837 1768 elicit
861 1719 1101 1769 fontem:
1130 1734 1293 1786 quum
1317 1722 1550 1786 repletur
1574 1757 1590 1781 ‚
1626 1735 1825 1770 mora--

356 1801 453 1839 tur
467 1790 519 1840 δι
538 1788 851 1859 strangulat?
873 1792 1112 1843 Scrutare
1131 1805 1190 1842 tu
1208 1792 1385 1844 causas
1407 1794 1599 1862 (potes
1625 1791 1776 1844 enim
1791 1790 1827 1856 1⁴

356 1878 486 1933 quat
519 1877 730 1916 tantum
756 1865 1069 1918 miraculum
1117 1866 1377 1920 efficiunt.
1415 1866 1561 1919 Mihi
1598 1864 1825 1920 abunde

355 1933 440 1988 est
459 1975 483 2000 ‚
508 1935 561 1990 si
585 1938 710 1992 satis
732 1939 977 2009 expressi
993 1941 1140 2010 quod
1161 1940 1402 1998 efficitur.
1427 1942 1599 1996 Vale.

842 2270 994 2419 *ἶ*
1023 2298 1157 2425 «Σο
1192 2270 1346 2418 *ξ*
