1951 3720
373 269 514 341 394
665 247 1555 320 ΡΑΝΕσῑιιιευε·

307 430 312 435 ,
357 368 522 424 cendi
564 368 823 441 magistris
859 410 876 435 ‚
915 382 1080 440 quam
1124 368 1488 441 dignationem
1531 367 1785 438 sapientiai

366 442 676 497 doctoribus
710 445 869 498 habes
892 448 905 498 l
932 459 994 496 ut
1024 444 1117 496 sub
1149 457 1202 496 te
1239 444 1479 512 spiritum
1513 443 1567 496 &
1593 443 1781 512 sangui·

366 533 494 570 nem
534 518 589 570 δε
633 517 858 586 patriam
898 532 1210 586 receperunt
1246 517 1411 571 studia
1437 555 1455 582 ,
1497 533 1611 586 quae
1649 517 1786 586 prio·

366 608 488 645 rum
545 605 852 659 temporum
899 590 1207 644 immanitas
1257 590 1465 644 exsiliis
1515 590 1783 658 puniebam

369 681 537 734 quum
592 664 695 718 sibi
743 664 1008 718 vitiorum
1061 663 1305 717 omnium
1361 663 1602 716 conscius
1653 663 1785 716 Prin·

369 752 534 806 ceps,
556 737 802 792 inimicas
822 737 975 791 vitiis
1002 754 1144 791 artes
1175 754 1288 790 non
1311 738 1439 790 odio
1461 737 1632 807 magis
1649 754 1784 806 quam

368 811 673 864 reverentia
725 814 982 881 relegaret
1029 815 1045 866 ξ
1085 813 1158 864 Αι
1201 825 1261 863 ιιι
1309 811 1519 864 easdem
1572 825 1701 863 artes
1739 809 1791 862 in

371 887 665 953 complexu
706 923 721 948 ‚
781 885 953 938 oculis
1009 923 1026 948 ,
1081 883 1294 938 auribus
1359 885 1540 938 habes.
1601 882 1786 937 Praessas

371 958 518 1010 enim
562 975 910 1028 quaecumque
949 958 1268 1027 praecipiunt
1303 976 1322 1018 ·,
1365 972 1675 1028 tantumque
1715 973 1788 1010 eus

371 1031 553 1101 diligis
573 1070 589 1095 ,
616 1047 871 1100 quantum
905 1033 967 1084 ab
996 1032 1107 1085 illis
1139 1031 1398 1100 probaris.
1429 1033 1522 1084 An
1539 1031 1789 1101 quisquam

371 1104 535 1158 studia
576 1105 920 1158 humanitatis
961 1105 1221 1175 professus
1263 1122 1377 1158 non
1413 1123 1583 1175 quum
1631 1105 1791 1158 omnia

369 1190 461 1233 tua
482 1219 496 1242 ‚
523 1193 638 1231 tum
667 1181 756 1232 vel
791 1179 850 1231 in
881 1179 1070 1248 primis
1099 1178 1337 1232 laudibus
1367 1179 1502 1232 ferat
1531 1179 1790 1232 admissio·

369 1268 501 1304 num
536 1265 745 1305 tuarum
776 1253 1082 1306 facilitatem
1102 1254 1126 1306 ἓ
1145 1253 1350 1323 Magno
1379 1253 1602 1322 quidem
1632 1253 1793 1307 animo

369 1342 562 1393 parens
609 1341 729 1379 tuus
756 1365 773 1390 ,
805 1328 941 1379 hanc
983 1341 1105 1381 ante
1143 1344 1249 1379 vos
1283 1324 1562 1396 Principes
1604 1343 1786 1390 arcem,

370 1400 706 1466 publicarum
736 1400 929 1452 aedium
964 1399 1187 1453 nomine
1218 1400 1558 1469 inscripserat
1590 1420 1605 1453 ι
1634 1399 1791 1454 frustra

368 1485 549 1526 tamen
572 1511 589 1537 ‚
629 1472 735 1525 nisi
765 1473 1060 1541 adoptasset
1081 1513 1096 1538 ‚
1123 1474 1224 1544 qui.
1252 1474 1491 1527 habitare
1525 1488 1589 1526 ut
1622 1474 1676 1526 in
1705 1491 1789 1542 pu⁴

366 1545 527 1599 blicis
566 1544 755 1614 poss‘et.
801 1546 978 1612 Quam
1019 1548 1152 1601 bene
1190 1565 1314 1605 cum
1354 1547 1530 1601 titulo·
1558 1547 1654 1600 isto
1688 1564 1792 1599 mo·

366 1618 513 1672 ribus
555 1619 662 1672 tuis
699 1621 959 1673 convenit
993 1625 1015 1675 l·
1043 1638 1361 1691 quamquam
1397 1622 1589 1673 omnia
1625 1620 1696 1673 sic
1726 1620 1791 1672 fa·

369 1692 448 1746 cis
491 1732 507 1757 ,
567 1710 835 1762 tamquam
892 1711 1006 1749 non
1069 1695 1202 1747 alius
1261 1694 1613 1763 inscripserit.
1655 1692 1792 1760 Quod

368 1766 520 1819 enim
568 1767 785 1831 forum,
831 1785 946 1836 quae
997 1770 1196 1836 templa
1240 1783 1350 1820 tam
1390 1769 1669 1821 reserata?
1699 1782 1795 1819 non

371 1841 704 1910 Capitolium
736 1881 756 1905 ,
800 1840 1017 1926 ipsaque
1054 1841 1144 1895 illa
1184 1841 1494 1911 adoptionis
1537 1855 1637 1895 tuae
1669 1841 1789 1894 sedes

368 1915 541 1985 magis
573 1916 830 1984 publica,
860 1915 1032 1985 magis
1060 1916 1324 1969 omnium.
1363 1918 1542 1968 Nuuae
1592 1916 1756 1968 obices
1774 1950 1791 1976 ‚

365 1989 505 2041 nulli
542 1990 987 2043 contumeliarum
1028 1992 1216 2059 gradus
1253 2008 1270 2049 3
1307 1989 1672 2058 superatisque
1705 1987 1793 2053 jam

330 2086 333 2089 ⁴
367 2062 522 2115 mille
567 2063 841 2117 liminibus
873 2103 888 2126 ‚
940 2062 1080 2116 ultra
1120 2064 1359 2130 semper
1370 2062 1553 2131 aliqua
1599 2065 1716 2115 dura
1749 2061 1793 2112 δί

365 2136 640 2189 obstantia.
681 2138 879 2207 Magna
908 2152 1030 2189 ante
1066 2151 1154 2200 te,
1180 2153 1370 2205 magna
1400 2135 1522 2205 post
1555 2152 1609 2189 te
1633 2135 1792 2201 ,iuxta

365 2222 421 2261 te
460 2224 639 2277 tamen
680 2212 914 2263 maxima
947 2209 1143 2279 quies·
1160 2225 1369 2263 tantum
1407 2209 1612 2279 ubique
1652 2209 1790 2261 silen-

366 2281 545 2347 tium,
572 2298 681 2336 tam
722 2287 857 2337 altus
889 2286 1096 2352 pudor,
1119 2298 1181 2337 ut
1217 2287 1301 2337 ad
1320 2301 1522 2351 parvos
1557 2297 1788 2352 penates,

370 2356 424 2407 ὅ(
458 2324 623 2409 larem
658 2358 930 2426 angustum
952 2398 967 2420 ,
1002 2375 1072 2411 ex
1101 2360 1268 2410 domo
1303 2357 1569 2425 Principis
1607 2354 1793 2409 modes·

365 2430 457 2483 tiae
493 2432 545 2482 δι
581 2431 978 2500 tranquillitatis
1010 2434 1256 2500 exempla
1296 2432 1608 2485 referantur.

438 2503 693 2558 XLVHL
738 2506 856 2574 lpse
891 2520 1069 2558 autem
1105 2520 1166 2557 ut
1205 2504 1412 2573 excipis
1462 2522 1653 2557 omnes
1689 2507 1704 2557 2
1741 2515 1791 2553 ut

361 2578 679 2647 exspeQas.
668 2584 678 2619 Ι
702 2594 761 2630 ιιι
787 2596 1038 2664 magnam
1076 2594 1287 2647 partem
1315 2578 1520 2631 dierum
1552 2580 1692 2631 inter
1719 2587 1793 2627 tot

362 2651 581 2721 imperii
611 2671 759 2707 curas
797 2654 947 2723 quasi
979 2670 1074 2722 per
1103 2653 1278 2705 otium
1311 2649 1599 2723 transigis
1589 2658 1601 2691 ¹
1626 2654 1788 2717 Itaque

364 2743 482 2779 non
514 2743 577 2780 ιιι
612 2728 739 2782 alias
770 2726 1029 2790 attoniti,
1054 2743 1159 2779 nec
1179 2742 1243 2779 ut
1278 2727 1576 2794 periculum
1617 2720 1783 2792 capitis

360 2801 553 2853 adituri
588 2802 886 2866 tarditate,
922 2802 1014 2854 sed
1053 2801 1224 2853 securi
1266 2802 1320 2853 δι.
1354 2800 1597 2862 hilares,
1640 2810 1789 2868 quum

360 2878 709 2930 commodum
756 2875 829 2929 est
857 2914 881 2940 ,
934 2874 1291 2934 convenimus
1328 2892 1353 2935 ·‚‚
1397 2875 1452 2928 ἃ
1484 2873 1783 2927 admittente
