1951 3720
394 332 990 404 Epzsrozff..
1039 335 1185 407 Lib.
1233 338 1347 408 111.
1493 340 1589 433 67

188 452 295 508 111.
336 451 540 509 Pmn.
585 456 1005 508 Conlatum
1045 457 1464 510 Hrsruttae.
1502 460 1557 513 S.

157 572 333 625 Suadet
358 591 412 624 ut
432 575 598 645 filium
621 570 756 642 suum
783 578 1082 627 erudiendum
1104 581 1268 628 eradat
1288 578 1421 630 Iulio
1448 577 1600 633 Geni·
1675 628 1694 651 0

200 668 291 718 tori
308 703 324 727 ‚
347 668 480 736 cujus
498 669 608 719 vitae
617 666 888 737 saul-litatis
900 667 1177 740 sponsorem
1188 666 1247 740 se
1259 673 1537 742 profitetur.

161 769 406 888 Quum
442 834 650 888 patrem
680 834 864 884 tuum,
886 819 1260 906 gravissimum
1294 821 1346 875 δι
1376 821 1596 877 sanctis-

159 890 338 944 simum
367 894 590 957 virum,
634 895 973 980 suspexerim
999 895 1165 979 magis
1207 913 1274 948 an
1304 896 1595 950 amaverim

155 964 415 1026 dubitem,
457 981 619 1036 teque
659 966 717 1019 in
751 967 1064 1021 memoriam
1086 966 1201 1032 eius
1241 968 1293 1021 δι
1326 956 1384 1021 in
1413 970 1593 1023 hono·

154 1051 255 1089 rem
302 1052 459 1091 tuum
494 1036 652 1094 unice
693 1039 940 1110 diligam·
930 1075 946 1101 ,
990 1040 1198 1110 cupiam
1234 1040 1435 1095 necess'e
1477 1042 1594 1110 est

155 1123 297 1178 atque
338 1111 540 1176 eriam
576 1127 831 1181 quantum
862 1113 920 1166 in
951 1129 1038 1166 me
1073 1112 1262 1176 fuerit,
1295 1114 1500 1180 enitar,
1531 1130 1596 1170 ut

153 1179 281 1235 filius
320 1197 448 1238 tuus
499 1200 606 1239 avo
644 1185 836 1239 similis
874 1185 1127 1239 exsistat:
1160 1185 1407 1256 equidem
1443 1192 1590 1242 malo

153 1269 421 1318 materam,
470 1273 786 1328 quamquam
824 1258 906 1312 illi
935 1273 1187 1328 paternus
1222 1258 1383 1313 etiam
1424 1261 1594 1314 clarus

151 1327 509 1412 spectatusque
541 1329 846 1402 contigerit.
889 1330 1044 1385 Pater
1064 1348 1281 1407 quoque
1302 1332 1354 1386 δι
1377 1346 1595 1403 patruus

151 1398 325 1456 illustri
355 1405 515 1456 laude
547 1404 838 1473 conspicui.
882 1404 1092 1472 Quibus
1123 1402 1372 1459 omnibus
1406 1405 1478 1458 ita
1497 1407 1592 1459 de·

152 1489 287 1527 mum
316 1476 517 1529 similis
549 1478 845 1540 adolescet,
867 1477 914 1529 si
943 1477 1175 1531 imbutus
1206 1477 1438 1532 honestis
1463 1478 1595 1532 arti·

153 1547 239 1600 hus
269 1548 472 1612 fuerit,
505 1567 633 1619 quas
670 1549 959 1618 plurimum
983 1551 1142 1605 refert
1178 1567 1207 1604 a
1231 1568 1340 1621 quo
1369 1551 1594 1620 potissi-

153 1621 285 1673 mum
315 1620 568 1691 accipiat.
603 1624 789 1676 Adhuc
818 1624 971 1676 illum
1006 1622 1247 1694 pueritiae
1284 1626 1422 1676 ratio
1455 1624 1597 1680 intra

154 1695 559 1747 contubernium
601 1710 754 1748 tuum
790 1696 1006 1749 tenuit·
995 1731 1011 1757 ,
1057 1712 1412 1766 praeceptores
1445 1697 1598 1751 domi

154 1764 354 1832 habuit,
387 1768 483 1820 ubi
524 1766 598 1821 est
637 1771 731 1822 vel
765 1770 1032 1823 erroribus
1064 1769 1272 1822 modica
1295 1771 1397 1821 vel
1434 1768 1598 1825 etiam

154 1842 283 1893 nulla
304 1841 549 1896 materia.
591 1843 710 1897 Jam
738 1841 903 1896 studia
936 1842 1051 1909 ejus
1074 1857 1225 1896 extra
1259 1842 1427 1896 limen
1461 1858 1595 1911 pro-

154 1912 349 1968 ferenda
380 1916 540 1968 sunt·
531 1951 546 1975 ,
575 1914 683 1981 jam
704 1916 1202 1986 circumspiciendus
1234 1917 1417 1969 rhetor
1438 1916 1595 1971 Lati·

156 2002 280 2052 nus,
318 1986 488 2054 cujus
506 1989 702 2041 scholae
738 1988 1028 2053 sever-item,
1070 1991 1277 2058 pudor,
1320 1989 1379 2041 in
1401 1989 1594 2060 primis

160 2059 345 2114 castitas
384 2060 608 2116 constet.
666 2061 824 2115 Adest
859 2063 1005 2115 euim
1046 2062 1369 2116 adolescenti
1410 2062 1592 2116 nostro

161 2149 270 2186 cum
300 2135 497 2188 ceteris
533 2150 732 2187 natura
762 2135 1099 2206 fortunaeque
1138 2136 1352 2189 dotibus
1393 2135 1596 2191 eximia

157 2208 390 2277 corporis
425 2208 805 2277 pulchritudo·,
843 2210 929 2262 cui
952 2208 1011 2260 in
1039 2210 1143 2261 hoc
1178 2208 1382 2262 lubrico
1419 2209 1593 2263 aetatis

159 2295 260 2332 non
290 2297 593 2350 praeceptor
623 2279 817 2344 modo,
857 2282 944 2334 sed
981 2281 1152 2336 custos
1188 2281 1351 2334 etiam
1387 2281 1590 2336 reetor-

158 2368 251 2421 que
271 2356 589 2424 quaerendus
618 2353 710 2408 est.
747 2354 958 2408 Videor
992 2372 1095 2424 ego
1119 2353 1470 2408 demonstrare
1494 2356 1595 2410 tibi

160 2425 294 2493 poffe
327 2428 532 2482 Julium
569 2426 909 2481 Genitorem.
947 2429 1358 2482 Amatur-ame·
1390 2427 1593 2496 judicio

159 2511 325 2553 tamen
353 2517 481 2553 meo
519 2517 632 2553 ιιοιι
654 2499 820 2553 obstat
852 2501 1040 2554 caritas
1069 2500 1344 2565 hominis,
1383 2519 1498 2572 quae
1520 2519 1593 2557 ex

158 2569 345 2637 iudicio
382 2587 507 2626 nata
543 2572 635 2627 est.
693 2572 798 2626 Vir
826 2572 899 2626 est
939 2576 1245 2628 emendatus
1282 2575 1335 2628 &
1371 2574 1591 2644 gravis:

159 2644 308 2729 ppuld
339 2648 503 2699 etiam
524 2645 797 2699 horridior
829 2647 882 2700 δι
902 2646 1119 2712 durior,
1143 2661 1203 2700 ut
1223 2647 1280 2700 in
1298 2647 1394 2700 hac
1420 2647 1592 2701 licen-

160 2714 225 2770 tia
251 2733 574 2788 temporum.
608 2719 882 2787 Quantum
904 2720 1210 2789 eloquentia
1228 2722 1404 2773 valeat
1423 2759 1440 2784 ,
1464 2723 1590 2789 plu-

161 2789 291 2844 ribus
320 2794 531 2845 credere
555 2807 747 2861 potes:
778 2808 902 2844 nam
933 2793 1140 2846 dicendi
1163 2794 1379 2846 facultas
1411 2807 1592 2860 aperta

164 2862 470 2933 &exposita
499 2864 672 2919 statim
705 2866 955 2920 cernitur.
998 2866 1129 2920 Vita
1151 2866 1432 2920 hominum
1452 2867 1591 2921 altos

162 2937 370 2994 receffus
404 2939 725 3011 magnasque
771 2940 996 2994 latebras
1042 2940 1198 2994 hahet
1237 2956 1253 3000 ·‚
1292 2936 1440 3005 cujus
1488 2954 1591 3009 pto
