1951 3720
429 304 1062 373 Eprsrozsr..
1110 304 1265 375 Lib.
1298 305 1352 375 1.
1510 326 1596 398 17

161 420 405 475 omnihus
439 422 547 474 suis
577 421 752 474 carior
786 436 898 475 erat
929 440 946 474 ι
982 421 1035 472 δι
1065 421 1172 474 hoe
1207 422 1337 475 scio.
1379 422 1493 491 Ego
1525 437 1597 475 ta·

160 511 277 547 men
297 534 313 558 ,
357 510 627 563 tamquam
661 496 713 547 ὅ(
748 492 960 560 juvenis
997 494 1050 545 δε
1085 494 1390 547 firmissimi
1424 511 1600 548 morte

161 569 313 620 doleo
337 570 534 620 :doleo
558 582 736 623 autem
755 571 777 636 (
795 568 922 619 licet
943 583 1030 618 me
1054 566 1382 619 imbecillum
1405 570 1596 637 putes)

159 656 276 693 meo
296 641 540 693 nomine.
563 639 737 692 Amisi
765 640 951 703 enim,
986 640 1142 692 amisi
1161 640 1292 691 vitae
1327 656 1459 692 meae
1491 654 1601 691 tes-

157 727 301 777 tem,
339 712 644 773 rectorem,
680 712 1005 783 magistrum.
1044 713 1104 763 ln
1146 713 1351 764 summa
1380 713 1600 774 dicam,

158 788 298 853 quod
329 785 535 838 recenti
572 787 759 838 dolore
795 785 1162 838 contubernali
1199 800 1324 837 meo
1358 783 1602 837 Calvisio

156 857 318 909 dixi.
361 859 579 910 Vereor
618 875 685 910 ne
725 856 1076 927 negligentius
1116 856 1320 910 vivam.
1372 856 1602 910 Proinde

155 929 338 982 adhibe
375 930 568 982 solatia
597 929 776 983 mihi:
811 947 922 982 non
956 931 1110 993 haec,
1150 930 1310 980 Senex
1340 946 1486 987 crat,
1521 929 1602 982 In-

144 1003 310 1073 firmus
348 1019 457 1055 erat
480 1043 496 1067 ,
539 1005 654 1056 haec
689 1003 834 1055 enim
865 1001 1036 1057 novi·
1025 1037 1042 1062 ,
1080 1002 1168 1055 sed
1201 1018 1347 1055 nova
1375 1002 1551 1071 aliqua
1584 1041 1633 1067 „

154 1076 241 1128 sed
283 1093 479 1146 magna
504 1116 520 1140 ,
560 1094 680 1145 quae
716 1074 974 1128 audierim
1017 1092 1305 1144 numquam
1329 1114 1345 1139 ,
1380 1076 1605 1146 legerim

155 1165 468 1218 numquam.
502 1151 643 1201 Nam
673 1166 790 1217 quae
823 1146 1044 1211 audivi,
1081 1165 1195 1216 quat
1225 1147 1334 1217 legi
1359 1187 1378 1211 ‚
1412 1149 1603 1217 sponte

155 1221 470 1276 succurrunt
486 1260 504 1285 ‚
542 1223 634 1275 sed
665 1236 817 1274 tanto
854 1223 1042 1274 dolore
1077 1220 1405 1289 superantur.
1442 1221 1604 1280 Vale.

156 1337 165 1411 j
208 1333 362 1387 xm.
405 1333 671 1386 Pul-uus
709 1331 890 1384 Sosio
929 1333 1281 1387 szunmom
1323 1345 1447 1386 suo
1486 1332 1544 1385 S.

156 1443 450 1498 Proventum
475 1446 723 1513 pob'tarum
745 1443 931 1515 scripta
952 1441 1045 1512 sua
1075 1447 1373 1498 recitantium
1404 1445 1605 1507 laudae,

428 1515 523 1587 sed
560 1520 824 1572 auditorum
862 1515 1046 1586 incusat
1083 1520 1333 1573 desidiam.

156 1627 584 1719 ΜΑῦιῐυΜ
624 1674 951 1729 proventum
986 1661 1273 1730 poetarum
1312 1676 1481 1712 annus
1516 1658 1607 1714 hie

158 1735 359 1793 attulit.
395 1735 546 1787 Toto
568 1735 748 1789 mense
769 1734 943 1803 Aprili
964 1737 1145 1788 nullus
1170 1735 1279 1788 fere
1314 1732 1426 1785 dies
1446 1769 1462 1796 ‚
1495 1749 1607 1801 quo

159 1823 270 1859 non
292 1806 544 1860 recitaret
573 1806 786 1892 aliquis.
816 1806 982 1860 Juvat
1012 1824 1099 1862 me
1125 1804 1269 1878 quod
1289 1804 1480 1877 vigent
1509 1804 1609 1858 stu-

157 1882 280 1945 dia,
309 1882 594 1951 proferunt
614 1881 706 1933 se
692 1880 906 1950 ingenia
927 1881 1213 1934 hominum
1238 1881 1291 1932 δι
1314 1877 1607 1935 ostentant.

157 1953 376 2011 tametsi
407 1956 472 2006 ad
507 1953 823 2006 audiendum
860 1953 1012 2023 pigre
1049 1954 1240 2007 coitur.
1273 1952 1517 2020 Plerique
1549 1943 1611 2005 in

157 2026 474 2080 stationibus
510 2027 740 2089 sedem,
784 2039 1102 2109 tempusque
1138 2026 1383 2078 audiendi
1415 2025 1608 2078 fabulis

159 2113 449 2154 conterunt
473 2136 490 2161 ‚
519 2115 580 2152 ac
616 2097 832 2151 subinde
862 2097 972 2152 sibi
1008 2097 1242 2152 nuntiari
1279 2096 1463 2164 iubent
1485 2135 1502 2160 ,
1540 2113 1610 2150 an

157 2170 267 2238 jam
289 2170 542 2225 recitator
567 2169 846 2225 intraverit
865 2210 882 2234 ,
913 2188 983 2224 an
1003 2170 1199 2224 dixerit
1220 2169 1609 2239 praefationem,

160 2261 230 2300 an
265 2261 337 2298 ex
377 2260 568 2313 magna
603 2259 751 2312 parte
793 2243 1066 2296 evolverit
1104 2243 1299 2297 librum
1330 2262 1344 2296 z
1375 2257 1490 2295 tum
1524 2244 1609 2296 de·

157 2334 312 2370 mum
336 2357 359 2381 ,
394 2333 454 2369 ac
488 2331 615 2368 tunc
646 2333 863 2385 quoque
896 2316 1046 2370 lente
1080 2317 1482 2384 memetque
1515 2331 1607 2369 ve·

123 2413 133 2420 ·
160 2389 360 2450 niunv,
386 2405 484 2443 nec
507 2403 686 2444 tamen
705 2403 1020 2458 permanent
1045 2427 1063 2452 ‚
1085 2389 1176 2443 sed
1196 2404 1318 2443 ante
1340 2387 1507 2442 finem
1530 2405 1607 2441 re·

161 2466 358 2515 cedunt
384 2501 399 2522 ‚
439 2461 531 2513 alii
570 2461 963 2516 dissimulanter
1006 2462 1060 2514 &
1093 2461 1277 2515 furtim
1302 2500 1318 2525 ,
1355 2461 1451 2513 alii
1484 2460 1608 2513 sim·

158 2534 378 2604 pliciter
401 2535 453 2586 &
475 2532 661 2589 libere.
684 2535 755 2586 At
775 2535 991 2589 hercule
1017 2533 1276 2586 memoria
1297 2549 1604 2601 parentum,

161 2607 448 2660 Claudium
471 2607 726 2659 Caesarem
756 2606 931 2659 ferunt
950 2645 969 2669 ,
1002 2624 1165 2674 quum
1192 2606 1250 2658 in
1267 2606 1466 2673 palatio
1497 2607 1608 2674 spa·

160 2681 385 2734 tiaretur
408 2718 424 2742 ,
463 2678 785 2748 audiss‘etque
819 2681 1110 2736 clamorem
1134 2718 1149 2742 ‚
1189 2678 1394 2730 causam
1429 2678 1608 2745 requi·

160 2752 284 2807 siss'e
317 2771 336 2812 ·‚
381 2768 655 2819 quumque
699 2751 898 2804 dietum
939 2750 1067 2807 effer
1095 2790 1111 2813 ‚
1156 2750 1372 2803 recitare
1412 2749 1612 2802 Nonia-

118 2879 122 2890 ‚
159 2842 292 2881 num
319 2864 338 2888 ,
373 2824 605 2884 subitum
635 2824 879 2879 recitanti
910 2823 1353 2892 inopinatumque
1385 2820 1607 2877 veniss'e.

158 2900 319 2961 Nunc
349 2897 720 2954 otiosissimus
750 2897 973 2970 quisque
1006 2895 1179 2962 multo
1209 2894 1333 2951 ante
1362 2910 1610 2966 rogatus,
