1951 3720
453 201 1037 274 Epzsrozffi.
1075 203 1225 275 Lib.
1268 205 1350 276 11.
1527 204 1618 276 61

182 316 447 372 consessus
469 360 484 384 ‚
527 319 800 374 celebritas
843 322 1224 374 advocatorum
1247 358 1261 384 ‚
1296 320 1628 388 exspectatio

185 393 409 444 eventus
430 432 445 455 ‚
489 394 629 446 fama
673 410 787 445 non
836 394 994 447 unius
1046 395 1240 448 aeloris
1267 433 1282 457 ‚
1329 394 1628 447 diduaum-

187 479 281 530 que
319 465 382 516 in
417 482 595 534 partes
632 466 958 519 audientium
995 467 1262 526 studium·‚
1295 468 1359 518 ad
1398 469 1501 520 hoc
1541 468 1625 520 di-

188 537 346 589 centis
387 538 562 608 gestus
590 578 605 602 ,
636 538 859 592 inceffus
880 580 895 603 ‚
928 542 1187 593 discursus
1217 540 1379 593 etiam
1401 579 1415 603 ,
1447 541 1630 593 omni-

185 608 375 678 busque
412 612 652 664 motibus
694 613 859 665 animi
894 615 1279 667 consentaneus
1315 613 1477 682 vigor
1506 630 1626 666 cor-

187 685 345 748 poris.
394 686 555 736 Unde
592 685 781 737 accidit
821 700 881 737 ut
918 688 977 738 hi
1013 688 1106 755 qui
1149 688 1388 739 sedentes
1429 701 1592 755 agunt
1611 724 1633 750 ,

190 756 430 821 quamvis
472 758 582 810 illis
620 759 855 810 maxima
878 776 947 812 ex
968 776 1118 828 parte
1154 760 1417 828 supersint
1444 761 1630 812 eadem

188 826 308 892 illa,
355 846 475 898 quae
510 831 804 894 stantibus,
848 847 1027 884 tamen
1064 834 1205 896 hoc,
1243 831 1385 901 quod
1408 834 1588 885 sedent
1613 871 1630 895 ‚

189 901 331 969 quasi
367 903 716 956 debilitentur
755 905 808 957 &
843 905 1218 989 deprimantur.
1270 905 1629 958 Recitantium

186 973 312 1027 vero
342 976 618 1044 praecipua
642 978 1097 1046 pronuntiationis
1133 978 1467 1044 adjumenta,
1494 996 1627 1031 ocu·-

188 1046 259 1111 li,
290 1065 484 1101 manus
508 1050 938 1119 praepediuntur.
965 1051 1074 1120 quo
1105 1052 1281 1106 minus
1318 1052 1514 1104 mirum
1552 1051 1628 1103 est

188 1119 232 1172 si
263 1124 612 1175 auditorum
598 1125 829 1176 intentio
865 1125 1189 1194 languescit,
1227 1126 1387 1178 nullis
1423 1125 1630 1177 extrin-

188 1194 325 1246 secus
350 1210 444 1248 aut
467 1197 842 1250 blandimentis
866 1213 1018 1266 capta
1040 1214 1130 1250 aut
1152 1198 1346 1250 aculeis
1378 1198 1633 1251 excitata.

188 1267 283 1320 His
306 1269 514 1321 accedit
534 1269 679 1338 quod
714 1271 889 1323 oratio
925 1274 991 1323 de
1027 1289 1131 1340 qua
1165 1275 1363 1340 loquor
1383 1310 1397 1334 ‚
1417 1287 1636 1340 pugnax

192 1340 598 1395 &contentiosa
619 1344 708 1396 est.
752 1344 923 1396 Porro
957 1345 1033 1396 ita
1061 1344 1245 1397 natura
1270 1359 1635 1412 comparatum

189 1412 258 1465 est
278 1454 294 1477 ‚
329 1430 390 1467 ut
436 1432 502 1468 ea
541 1434 658 1485 quae
696 1417 1001 1484 scripsimus
1038 1434 1159 1470 cum
1197 1419 1376 1470 labore
1408 1456 1423 1481 ‚
1473 1418 1635 1470 etiam

190 1503 307 1540 cum
334 1490 526 1540 labore
555 1489 722 1541 audiri
755 1503 1021 1557 putemus.
1055 1492 1119 1541 Et
1142 1489 1263 1542 sane
1295 1490 1637 1558 quotusquis-

192 1577 290 1629 que
324 1576 442 1613 tam
462 1560 634 1615 resins
659 1562 869 1615 auditor
890 1601 905 1625 ‚
925 1579 1087 1631 quem
1110 1580 1223 1616 non
1253 1562 1433 1631 potius
1463 1563 1638 1614 dulcia

191 1633 298 1687 haec
334 1636 390 1687 &
426 1635 670 1687 sonantia
695 1675 710 1699 ‚
755 1634 913 1704 quam
950 1635 1152 1688 austera-
1181 1637 1232 1687 ὅτ,
1264 1634 1429 1703 press'a
1462 1637 1635 1687 delec-

192 1710 343 1761 tent?
384 1708 473 1759 Est
509 1709 723 1777 quidem
748 1709 977 1761 omnino
1007 1709 1182 1777 turpis
1216 1707 1308 1759 ista
1338 1708 1636 1767 discordia3

193 1780 263 1833 est
294 1796 481 1834 tamen
501 1821 517 1845 ‚
557 1783 681 1851 quia
720 1784 1034 1851 plerumque
1070 1780 1255 1834 evenit
1277 1794 1337 1833 ut
1368 1781 1512 1832 aliud
1543 1798 1643 1833 au·-

195 1854 394 1909 ditores
423 1895 440 1919 ‚
480 1855 623 1909 aliud
657 1855 856 1922 iudices
890 1856 1145 1926 exigant3
1197 1872 1360 1925 quum
1396 1855 1642 1924 alioquin

197 1928 462 1998 praecipue
498 1931 709 1983 auditor
742 1931 810 1982 iis
842 1931 978 1982 affici
1001 1932 1184 1984 debeat
1204 1969 1219 1992 ‚
1245 1928 1434 1998 quibus
1464 1929 1640 1992 idem,

200 2002 243 2054 si
287 2004 432 2056 foret
479 2003 639 2069 judex
661 2044 676 2068 ‚
714 2002 947 2056 maxime
991 2019 1412 2072 permoveretur.
1464 2002 1643 2055 Potest

200 2090 372 2128 tamen
403 2075 562 2140 fieri,
594 2092 654 2129 ut
675 2093 996 2146 quamquam
1017 2078 1073 2129 in
1103 2077 1187 2128 his
1211 2076 1599 2127 difficultatibus
1622 2114 1639 2139 ‚

199 2149 330 2202 libro
356 2149 442 2201 isti
463 2149 680 2202 novitas
698 2151 1032 2203 lenocinetur
1056 2169 1073 2210 ·,
1109 2149 1325 2201 novitas
1358 2151 1494 2218 apud
1514 2149 1647 2201 nos-

199 2237 349 2283 tros·‚
390 2226 531 2292 apud
566 2222 788 2276 Graecos
825 2223 972 2276 enim
1002 2223 1075 2274 est
1115 2222 1360 2292 quiddam
1392 2222 1646 2290 quamvis

201 2313 269 2349 ex
289 2298 545 2360 diverso,
579 2315 693 2351 non
720 2312 897 2348 tamen
928 2297 1154 2349 omnino
1185 2295 1463 2349 dissimile.
1500 2297 1657 2347 Nam.

201 2385 259 2423 ut
308 2371 421 2423 illis
448 2397 451 2414 ι
477 2386 590 2423 erat
641 2371 809 2423 moris
850 2372 995 2439 leges
1018 2409 1033 2433 ‚
1073 2386 1201 2438 quas
1249 2384 1309 2422 ut
1350 2369 1647 2421 contrarias

202 2445 470 2512 prioribus
501 2444 704 2514 legibus
734 2446 1018 2513 arguebant
1044 2482 1056 2506 ‚
1094 2440 1312 2495 aliarum
1354 2442 1652 2495 collatione

205 2519 527 2570 convincere
550 2558 565 2581 ‚
592 2518 667 2569 ita
697 2518 853 2570 nobis
883 2515 1045 2569 ineffe
1065 2518 1470 2584 repetundarum
1498 2515 1606 2584 legi
1629 2552 1648 2578 ‚

207 2593 348 2658 quod
396 2591 815 2659 postularemus,
851 2607 1016 2659 quum
1050 2590 1146 2642 hac
1176 2589 1287 2657 ipsa
1320 2591 1436 2657 lege
1461 2627 1477 2651 ‚
1531 2601 1649 2639 tum

208 2664 322 2716 aliis
359 2666 718 2733 colligendum
759 2663 895 2716 fuit·
886 2700 901 2723 ‚
950 2665 1097 2731 quod
1131 2678 1462 2731 nequaquam
1496 2662 1662 2716 blan-⁶,

209 2739 331 2790 dum
361 2738 574 2790 auribus
607 2737 1016 2805 imperitorum,
1041 2734 1192 2788 tanto
1223 2734 1481 2800 majorem
1510 2734 1655 2800 apud

207 2811 392 2868 doctos
427 2812 620 2866 hahere
661 2811 883 2883 gratiam
916 2811 1068 2864 debet
1090 2848 1136 2875 ,
1147 2806 1356 2879 quanto
1382 2806 1655 2860 minorem
