1951 3720
365 309 447 381 18
668 308 941 375 CAIJ
1009 307 1425 395 Ριιιιῖιι

356 425 411 477 δι
448 422 738 477 identidem
773 423 1076 477 admonitus
1100 462 1117 488 ,
1156 438 1246 477 aut
1282 441 1395 477 non
1429 420 1622 485 venit,
1658 436 1786 490 aut,-

355 498 404 551 εἰ
423 497 579 550 venit
596 536 615 560 ,
644 497 881 566 queritur
904 497 957 548 se
981 498 1122 549 diem
1141 537 1163 561 ,
1190 497 1314 567 quia
1336 514 1450 549 non
1472 496 1780 565 perdiderit,

353 569 647 639 perdidisse.
692 571 795 623 Sed
834 568 988 622 tanto
1028 570 1196 641 magis
1237 569 1480 623 laudandi
1515 568 1786 638 probandi·

356 660 461 711 que
497 643 616 696 sunt
637 681 652 705 ,
696 660 832 711 quos
869 660 899 695 a
933 643 1192 696 scribendi
1224 643 1586 711 recitandique
1621 641 1788 694 studio

354 716 468 770 haec
507 715 807 768 auditorum
847 718 938 768 vel
979 716 1176 769 desidia
1199 754 1216 780 ,
1263 718 1355 769 vel
1400 715 1639 784 superbia
1679 731 1788 767 non

284 835 292 841 .
355 791 598 843 retardat.
646 788 903 857 Equidem
948 788 1120 857 prope
1166 788 1372 842 nemini
1416 789 1576 841 defui.
1633 788 1788 839 Erant

355 860 480 915 san-e
517 860 757 930 plerique
787 861 963 915 amici.
1001 863 1190 931 Neque
1222 863 1369 914 enim
1402 861 1475 914 est
1509 858 1618 914 fere
1657 860 1790 929 quis·

356 951 517 1003 quam
559 933 652 1003 qui
690 933 857 986 studia
881 972 899 998 ,
942 949 1002 988 ιιι
1041 952 1153 988 non
1195 934 1355 988 simul
1396 934 1451 987 δι
1488 949 1592 986 nos
1630 947 1790 987 amet.

355 1007 460 1061 His
480 1022 551 1058 ex
573 1009 747 1059 causis
767 1007 1023 1077 longids
1043 1006 1201 1076 quam
1225 1007 1641 1070 destinaveram,
1665 1019 1790 1058 tem·

355 1096 459 1147 pus
485 1078 544 1131 in
571 1081 700 1132 urhe
720 1080 1046 1151 consumpsi.
1080 1079 1331 1133 Possum
1318 1096 1424 1145 jam
1454 1093 1692 1148 repetere
1721 1078 1792 1130 se

355 1151 595 1216 ceffmn
631 1152 684 1205 δι
714 1153 935 1207 scribere
971 1154 1172 1224 aliquid
1208 1155 1354 1223 quod
1388 1169 1501 1205 non
1533 1152 1792 1212 recitenn

356 1241 426 1281 ne
470 1225 697 1288 videar,
745 1242 975 1295 quorum
1019 1226 1420 1280 recitationibus
1465 1224 1638 1289 affui,
1684 1239 1797 1277 non

357 1298 566 1351 auditor
601 1296 792 1364 fuiffe,
829 1299 919 1353 sed
955 1301 1204 1354 creditor.
1244 1301 1383 1352 Nam
1417 1313 1477 1352 ut
1513 1298 1573 1350 in
1607 1298 1794 1352 ceteris

357 1372 547 1435 rebus,
586 1369 661 1423 ita
691 1371 749 1422 in
770 1373 1016 1427 audiendi
1038 1372 1217 1426 officio
1239 1372 1381 1442 perit
1409 1371 1611 1443 gratia,
1643 1370 1691 1425 si
1722 1386 1796 1449 re·

357 1445 627 1514 potentur
663 1445 822 1498 Vale.

422 1558 577 1612 XIV.
618 1558 878 1612 Pumus
916 1558 1116 1611 Jumo
1156 1558 1472 1610 MAmuco
1515 1571 1639 1609 suo
1683 1560 1737 1612 S.

358 1671 587 1724 Maurico
638 1672 861 1740 quaeretm'
908 1671 1125 1721 maritum
1164 1669 1337 1737 fra-tris
1374 1668 1499 1737 filia
1535 1668 1801 1719 Minucium

432 1746 651 1805 indicat,
684 1746 810 1813 cujus
840 1746 1003 1795 laudet
1027 1739 1339 1813 persequitur
1382 1742 1433 1795 V
1429 1743 1505 1792 :de
1531 1761 1612 1807 4,
1638 1759 1727 1795 33.

360 1848 435 1947 P
453 1905 491 1943 E
510 1904 549 1943 'r
571 1903 593 1942 1
619 1904 646 1942 s
686 1902 747 1941 ut
781 1886 956 1941 fratris
993 1885 1078 1938 tui
1110 1884 1240 1939 filiae
1276 1885 1598 1955 prospiciam
1638 1884 1804 1939 mari·

361 1976 478 2015 tum
506 1980 526 2024 ·‚
570 1964 715 2032 quod
754 1958 948 2013 merito
989 1958 1124 2011 mihi
1161 1958 1507 2027 potissimum
1546 1957 1803 2029 injungis.
1866 1991 1874 1998 ·

360 2035 477 2088 Scis
507 2034 653 2087 enim
684 2048 1013 2103 quantopere
1041 2033 1487 2085 summum'illum
1514 2033 1696 2085 virum
1728 2032 1801 2083 su-

362 2107 630 2177 spexerim
670 2105 1055 2173 dilexerimque
1092 2125 1107 2158 z
1148 2105 1344 2174 quibus
1379 2105 1470 2158 ilie
1509 2105 1808 2158 adolescen-

361 2181 495 2233 tiam
512 2197 686 2233 meam
705 2178 1171 2233 exhortationibus
1188 2179 1419 2243 foverit,
1434 2178 1630 2247 quibus
1642 2177 1804 2230 etiam

359 2254 600 2307 laudibus
624 2291 640 2316 ,
673 2267 735 2305 ut
762 2252 1049 2305 laudandus
1076 2250 1290 2304 viderer
1315 2291 1329 2315 ‚
1366 2250 1620 2304 effecerit.
1653 2250 1804 2303 Nihil

361 2325 439 2381 est
474 2328 620 2396 quod
646 2342 676 2378 a
713 2338 771 2377 te
802 2323 1037 2376 mandati
1075 2324 1206 2377 mihi
1243 2339 1332 2376 aut
1364 2323 1531 2390 majus
1567 2338 1660 2376 aut
1695 2338 1803 2392 gra·

361 2402 472 2453 tius
493 2437 509 2463 ‚
541 2397 676 2451 nihil
708 2400 854 2467 quod
882 2396 1155 2450 honestius
1184 2414 1216 2450 a
1244 2413 1333 2449 me
1362 2398 1554 2466 suscipi
1583 2396 1759 2465 possit
1786 2433 1802 2459 ‚

363 2470 525 2541 quam
548 2486 609 2524 ιιι
638 2471 831 2541 eligam
859 2468 1112 2536 juvenem
1129 2509 1143 2533 ‚
1171 2485 1244 2521 ex
1271 2487 1381 2539 quo
1406 2469 1547 2522 nasci
1577 2482 1804 2538 nepotes

363 2546 602 2600 Aruleno
638 2544 853 2596 Rustico
889 2545 1088 2596 deceat.
1138 2542 1249 2608 Qui
1286 2542 1499 2611 quidem
1535 2543 1626 2595 diu
1666 2560 1802 2612 quae·

365 2619 558 2670 rendus
589 2615 796 2681 sufflet,
829 2616 935 2669 nisi
957 2629 1167 2685 paratus
1194 2616 1252 2667 δε
1270 2616 1420 2685 quasi
1451 2614 1700 2683 provisus
1732 2615 1801 2667 es-

364 2690 444 2744 set
478 2689 752 2742 Minucius
787 2689 1057 2742 Acilianus
1082 2727 1099 2752 ‚
1143 2688 1238 2757 qui
1268 2706 1355 2741 me
1377 2703 1443 2740 ut
1478 2688 1694 2754 juvenis
1727 2686 1803 2754 ju·

364 2778 562 2815 venem
600 2762 719 2830 (est
751 2762 897 2814 enim
934 2762 1115 2814 minor
1147 2761 1385 2830 pauculis
1422 2761 1618 2828 annis)
1656 2759 1802 2813 fami-

365 2834 650 2891 liarissime
679 2835 854 2903 diligit
876 2874 890 2898 ‚
929 2847 1204 2887 reveretur
1232 2849 1291 2886 ut
1321 2834 1517 2887 senem.
1555 2835 1694 2886 Nam
1731 2832 1810 2886 ita

362 2908 587 2967 formari
620 2925 652 2962 a
678 2925 765 2963 me
803 2909 857 2968 &
887 2905 1087 2964 institui
1120 2906 1268 2977 cupit
1292 2945 1307 2971 ,
1346 2921 1407 2960 ut
1439 2923 1544 2979 ego
1580 2923 1611 2960 a
1642 2905 1808 2961 vobis
