1951 3720
352 312 943 383 EPISToLAE.
983 315 1130 385 Lib.
1167 317 1305 386 VI.
1417 317 1550 410 187

111 428 344 499 plicitate
375 471 392 496 ,
434 433 689 486 comitate
731 433 945 501 juvenis
970 475 988 499 ‚
1040 436 1204 489 senex
1246 438 1505 507 gravitate
1542 458 1559 493 ε

111 521 276 573 neque
318 523 504 559 amore
536 508 794 575 decipior.
830 509 972 560 Amo
993 511 1209 578 quidem
1240 511 1457 581 effuse(
1487 514 1561 565 ita

116 578 291 631 officiis
316 619 333 643 ‚
374 579 450 631 ita
486 581 787 635 reverentia
823 584 1020 634 meruit
1053 582 1074 649 )
1115 583 1294 649 judico
1332 599 1511 637 tamen
1544 625 1563 648 ,

116 651 160 701 δι
194 654 417 720 quidem
454 653 607 707 tanto
654 655 823 707 acrius
857 694 872 718 ,
918 654 1122 724 quanto
1168 657 1337 728 magis
1376 675 1501 710 amo
1541 676 1556 711 ε

115 722 305 794 tibique
330 765 347 790 ,
378 740 441 778 ut
472 727 565 795 qui
596 728 994 796 exploraverim
1019 769 1034 793 ‚
1074 730 1313 798 spondeo
1345 730 1557 782 habitu-

117 813 216 848 rum
267 814 330 851 te
379 817 636 869 generum
671 840 686 864 ‚
725 818 836 869 quo
877 802 1073 855 melior
1122 802 1256 873 fingi
1302 820 1371 855 ne
1416 818 1559 855 voto

118 870 321 939 quidem
356 874 558 942 potuit.
602 874 846 943 Superest
875 890 936 926 ut
965 892 1127 928 avum
1158 891 1212 928 te
1244 875 1402 945 quam
1439 893 1556 928 ma-

120 944 381 999 turissime
416 947 676 1000 similium
718 947 799 999 sui
828 948 1001 1001 faciat.
1047 946 1222 1016 Quam
1256 949 1389 1002 felix
1415 964 1557 1001 tem-

117 1031 201 1083 pus
218 1018 385 1084 illud,
420 1038 530 1089 quo
555 1020 688 1072 mihi
709 1021 908 1074 liberos
939 1021 1085 1073 illius
1102 1061 1116 1086 ,
1148 1037 1374 1091 nepotes
1397 1037 1520 1075 tuos
1540 1062 1555 1087 ,

117 1104 166 1141 ut
192 1107 344 1144 meos
379 1096 473 1145 vel
506 1093 703 1146 liberos
741 1095 832 1147 <tel
866 1111 1124 1164 nepotes,
1146 1113 1215 1147 ex
1230 1094 1411 1147 vestro
1430 1096 1556 1147 sinu

117 1162 307 1288 {gnere
344 1205 361 1230 ,
414 1167 469 1220 δι
507 1167 659 1235 quasi
698 1167 814 1236 pari
848 1167 964 1234 jure
1008 1183 1189 1221 tenere
1239 1169 1555 1238 continget!

207 1253 255 1290 e.

175 1356 461 1412 XXVII.
505 1358 837 1430 Pennus
879 1359 1189 1411 Sssvzno
1230 1373 1378 1412 suo
1419 1361 1479 1413 S.

117 1454 318 1524 Rogavi
346 1454 599 1525 designato
625 1452 808 1521 consuli
827 1455 940 1522 quid
957 1458 1120 1505 deceat
1141 1456 1188 1505 in
1214 1457 1397 1505 laudem
1414 1455 1561 1508 Prin·

182 1529 295 1596 cipis
326 1531 577 1579 decernere
604 1564 620 1586 ,
657 1525 909 1597 respondet
941 1525 996 1595 se
1041 1526 1275 1595 consulem
1312 1531 1434 1579 nihil
1474 1533 1558 1580 de..

183 1600 388 1669 crevae'ffe.

118 1707 188 1800 R
210 1759 378 1798 OGAs
412 1761 472 1799 ut
507 1746 745 1815 cogitem
779 1746 907 1815 quid
944 1745 1248 1816 designatus
1279 1747 1464 1799 consul
1502 1747 1561 1800 in

116 1820 371 1872 honorem
410 1818 674 1888 Principis
723 1820 955 1873 censeas.
1014 1819 1205 1873 Facilis
1251 1819 1502 1873 inventio
1542 1860 1561 1885 ‚

116 1909 219 1943 non
252 1894 427 1946 facilis
465 1894 661 1947 eleffio
689 1912 703 1945 ε
734 1892 812 1945 est
837 1894 984 1945 enim
1007 1911 1078 1946 ex
1116 1894 1407 1946 virtutibus
1443 1892 1560 1958 ejus

116 1967 246 2035 larga
268 1966 512 2019 materia.
560 1965 794 2019 Scribam
818 1981 998 2018 tamen
1020 2005 1035 2029 ‚
1059 1969 1178 2029 vel,
1205 1968 1353 2035 quod
1370 1971 1514 2020 malo
1543 2007 1559 2032 ‚

117 2038 286 2091 coram
334 2039 582 2092 indicabo
605 2079 620 2103 ,
652 2039 701 2091 si
736 2039 888 2108 prius
920 2040 1332 2092 »hesitationem
1385 2058 1559 2093 meam

118 2111 406 2166 ostendero.
451 2113 660 2165 Dubito
690 2130 821 2165 num
843 2113 986 2165 idem
1008 2113 1107 2165 tibi
1134 2114 1349 2165 suadere
1370 2151 1384 2176 ,
1412 2116 1559 2181 quod

118 2185 278 2250 mibi,
316 2188 559 2239 debeam.
616 2186 941 2254 Designatus
981 2203 1085 2255 ego
1136 2186 1360 2249 consul,
1406 2185 1559 2238 omni

116 2257 204 2309 hac
227 2296 244 2321 ,
281 2259 387 2310 etsi
426 2276 542 2310 non
572 2259 874 2312 adulatione
895 2298 912 2322 ‚
949 2258 1123 2326 specie
1158 2274 1339 2311 tamen
1378 2261 1561 2312 adula-

121 2331 279 2383 tionis
303 2371 321 2396 ,
371 2332 593 2384 abstinui
630 2352 644 2384 :
688 2349 802 2384 non
849 2346 1116 2400 tamquam
1153 2332 1286 2384 liber
1329 2333 1381 2384 δι
1424 2349 1559 2385 con-

117 2403 246 2456 stans
268 2444 280 2466 ‚
307 2407 397 2457 sed
433 2419 702 2474 tamquam
729 2405 1034 2474 intelligens
1067 2405 1325 2473 Principis
1350 2406 1510 2458 nostri
1538 2424 1558 2465 ·,

116 2477 258 2536 cuius
295 2478 546 2530 videbam
583 2478 717 2530 hanc
741 2477 845 2530 effe
872 2478 1191 2546 praecipuam
1224 2481 1431 2530 laudem
1459 2518 1472 2541 ,
1509 2477 1559 2530 si
1609 2503 1612 2507 ’

117 2550 247 2601 nihil
273 2551 437 2619 ’quasi
473 2567 543 2602 ex
583 2552 896 2602 necessitate
937 2554 1295 2603 decernerem.
1350 2554 1559 2603 Recor-

118 2624 266 2674 dabar
301 2623 469 2675 etiam
511 2622 776 2690 plurimos
815 2625 1051 2675 honores
1088 2623 1324 2690 pessimo
1362 2624 1556 2690 cuique

116 2697 316 2748 delatos
335 2716 352 2755 ·,
371 2713 401 2747 a
434 2696 622 2765 quibus
659 2695 745 2748 hic
770 2696 1027 2764 Optimus
1058 2696 1285 2763 separari
1307 2711 1418 2747 non
1443 2695 1556 2746 alio

117 2768 281 2837 magis
305 2784 517 2836 poterat
539 2808 554 2831 ‚
580 2767 739 2837 quam
770 2770 1077 2820 diversitate
1102 2767 1346 2820 censendi
1367 2786 1382 2826 3
1408 2769 1559 2833 quod

114 2840 288 2908 ipsum
329 2841 753 2894 dissimulatione
787 2843 839 2894 δι
883 2841 1103 2894 silentio
1134 2858 1246 2892 non
1282 2838 1510 2907 praeterii
1543 2879 1558 2904 ‚

118 2930 180 2966 ne
213 2913 356 2967 forte
387 2931 498 2967 non
528 2915 785 2982 judicium
821 2915 952 2969 illud
988 2931 1166 2967 meum
1184 2953 1197 2977 ,
1226 2914 1313 2965 sed
1344 2911 1560 2965 oblivio
