1951 3720
413 343 673 412 EPI'S
700 340 815 412 To
841 351 1000 413 με.
1042 343 1195 415 Lib.
1223 346 1313 414 V.
1438 345 1585 439 '13'7

131 464 190 515 ad
223 477 531 517 extremum
582 464 874 518 revolvisse
911 484 929 526 ·,
974 465 1116 518 idem
1136 460 1218 517 ‘in
1255 466 1484 519 secundo
1524 482 1586 520 ac

131 538 293 590 tertio
319 537 503 591 feciss'e
523 578 538 601 ,
574 552 703 591 tunc
745 537 942 591 abiiss'e.
998 539 1238 608 Expavit
1259 541 1362 599 3'&
1393 540 1470 591 sic
1501 540 1585 592 in·

133 623 447 678 terpretatus
490 611 565 663 est
603 626 874 681 tamquam
903 613 1046 664 idem
1088 613 1189 664 sibi
1221 613 1436 665 futurus
1458 612 1584 666 efl‘et

134 683 384 737 scribendi
421 684 555 737 -finis
577 725 592 747 ‚
626 688 717 753 qui
748 685 922 737 fuisset
959 686 1049 737 illi
1092 687 1304 755 legendi
1336 706 1351 738 t
1395 687 1448 738 δι
1483 686 1589 739 fuit

135 756 282 810 idem.
340 760 513 824 Quod
553 775 639 810 me
682 762 1048 811 recordantem
1089 760 1362 811 miseratio
1404 760 1589 824 subit¹,

136 844 385 896 quantum
425 831 738 901 vigiliarum
772 871 786 895 ‚
832 848 1087 900 quantum
1132 834 1327 884 laboris
1385 835 1591 886 exhau-

137 902 253 953 serit
285 904 494 958 frustra.
542 906 845 957 Occursant
876 906 1061 957 animo
1093 923 1211 958 mea
1250 906 1547 959 mortalitas
1570 947 1588 972 ,

137 992 244 1028 mea
277 977 496 1046 scripta.
530 980 649 1030 Nec
667 978 855 1030 dubito
883 992 935 1031 te
960 996 1177 1047 quoque
1214 982 1397 1032 eadem
1433 979 1589 1050 cogi-

137 1050 329 1103 tatione
357 1052 548 1102 terreri
573 1068 675 1119 pro
709 1050 816 1103 istis
833 1091 848 1114 ‚
871 1069 988 1120 quae
1020 1053 1161 1104 inter
1186 1069 1372 1104 manus
1403 1054 1589 1109 habes.

139 1120 362 1177 Proinde
390 1163 405 1186 ‚
444 1127 572 1176 dum
604 1125 840 1193 suppetit
859 1125 973 1177 vita
991 1165 1004 1190 ‚
1047 1126 1313 1178 enitamur
1342 1141 1401 1178 ut
1440 1143 1587 1180 mors

135 1195 285 1324 guam
322 1198 651 1267 paucissima
682 1215 798 1268 quae
830 1200 1042 1252 abolere
1073 1199 1247 1267 possit
1274 1238 1293 1263 2
1321 1198 1591 1256 inveniat.

133 1295 139 1302 ·
187 1272 287 1324 ale.

191 1391 302 1446 VI.
344 1392 686 1448 Pinnos
724 1397 1235 1452 Arottumax
1274 1409 1427 1450 suo
1465 1396 1521 1451 S.

137 1515 154 1521 -
172 1489 358 1541 Laudat
390 1490 729 1560 salubritatem
765 1494 812 1544 6·
862 1494 1176 1544 amoem‘tatem
1209 1494 1343 1544 villa
1370 1490 1469 1562 [ιιι
1502 1494 1556 1545 1⁰1⁸
1566 1499 1575 1576 j

536 1586 699 1657 Tuscis
714 1624 729 1649 ,
795 1608 929 1658 quam
966 1587 1205 1656 describit.

135 1668 225 1765 Α
247 1722 425 1763 MAVI
468 1728 647 1764 curam
691 1714 744 1765 δι
775 1711 1195 1765 sollicitudinem
1217 1725 1362 1764 tuam
1386 1750 1403 1777 ,
1443 1710 1593 1782 quod

132 1784 561 1853 quumvaudiffes
601 1802 689 1839 me
730 1786 904 1838 aestate
943 1786 1148 1838 Tuscos
1196 1802 1348 1837 meos
1383 1786 1593 1854 petitu-

133 1874 250 1911 ·rum
269 1897 285 1920 ,
325 1876 395 1910 ne
434 1860 663 1912 facerem
685 1858 888 1912 suasisti
910 1899 925 1922 ‚
948 1862 1072 1912 dum
1104 1873 1256 1927 putas
1277 1858 1592 1916 insalubres,

141 1932 217 1984 Est
253 1930 381 1984 sane
414 1934 595 2002 gravis
623 1935 675 1985 δι
696 1933 945 2001 pestilens
979 1949 1071 1984 ora
1103 1933 1398 1985 Tuscorum
1420 1973 1438 1997 ‚
1469 1951 1590 2002 quae

143 2021 233 2073 per
269 2006 424 2059 littus
463 2006 787 2059 extenditur.
834 2008 937 2058 Sed
967 2007 1027 2057 hi
1057 2009 1243 2075 procul
1268 2023 1298 2058 a
1331 2007 1469 2059 mari
1500 2024 1591 2060 re·

142 2079 392 2132 cefferunt
425 2099 440 2132 t
475 2080 607 2149 quin
642 2079 806 2131 etiam
858 2080 1149 2146 Apennino
1183 2119 1198 2144 ‚
1241 2080 1589 2134 saluberrimo

139 2153 445 2216 montium,
488 2153 775 2219 subjacent.
830 2152 1007 2221 Atque
1047 2155 1219 2216 adeo,
1255 2168 1315 2205 ut
1365 2170 1589 2207 omnem

139 2241 243 2308 pro
267 2242 352 2278 me
387 2240 594 2277 metum
630 2242 837 2295 ponas,
873 2226 1055 2310 accipe
1088 2227 1400 2295 temperiem
1420 2228 1548 2280 coeli
1571 2268 1587 2292 ,

139 2298 371 2368 regionis
404 2299 608 2363 situm,
642 2299 790 2351 villa
832 2299 1240 2353 amoenitatem.
1270 2317 1405 2369 quae
1414 2301 1588 2354 &tibi

141 2372 317 2424 auditu
341 2374 395 2424 ὃ(
429 2371 565 2424 mihi
601 2374 768 2424 relatu
789 2372 1015 2437 jucunda
1047 2388 1218 2425 erunt.
1265 2366 1479 2426 Coelum
1511 2372 1588 2428 est

140 2445 311 2498 hieme
348 2444 602 2514 frigidum
636 2446 688 2497 δι
724 2446 994 2514 gelidum‘
983 2480 998 2503 ‚
1030 2462 1277 2516 myrtos,
1312 2450 1497 2511 oleas,
1534 2449 1588 2501 St

139 2536 253 2587 quae
285 2519 387 2570 alia
426 2518 641 2570 assiduo
665 2533 853 2587 tepore
889 2522 1173 2584 laetantur,
1202 2519 1505 2588 aspernatur
1525 2538 1588 2574 ac

138 2592 368 2661 respuit.
402 2594 611 2643 laurum
631 2606 809 2645 tamen
826 2591 1060 2661 patitur,
1098 2607 1256 2660 atque
1277 2595 1439 2646 etiam
1464 2593 1589 2648 niti·

140 2664 411 2717 dissimam
448 2665 706 2733 profert·,
748 2664 1062 2731 interdum,
1103 2666 1193 2718 sed
1238 2682 1353 2718 non
1394 2667 1587 2734 saepius

138 2755 302 2821 quam·
334 2739 426 2791 sub
450 2739 581 2790 urbe
611 2736 823 2802 nostra,
854 2754 1025 2790 necat.
1062 2738 1276 2791 AEstatis
1312 2740 1446 2791 mira
1475 2741 1585 2791 cle·-

138 2809 354 2863 mentia.
383 2813 607 2878 Semper
625 2811 718 2863 aer
743 2811 931 2878 spiritu
966 2810 1148 2879 aliquo
1173 2826 1426 2863 movetur
1449 2830 1462 2862 ε
1485 2811 1587 2864 fre-

140 2884 388 2951 quentius
420 2899 601 2937 tamen
631 2900 780 2936 auras
808 2884 967 2953 quam
992 2900 1188 2936 ventos
1225 2885 1399 2936 habet.
1440 2883 1583 2938 Hinc

140 2957 289 3012 senes
324 2958 479 3016 multi
513 2976 528 3012 ς
564 2957 750 3014 videas
780 2973 943 3026 avos,
970 2958 1331 3031 proavosque·
1348 2954 1460 3021 iam
1493 2955 1584 3025 itt-⁴
