1951 3720
300 334 785 406 TRAJANo
860 351 1286 405 Dtcrvs.
1410 335 1550 430 387

100 454 263 509 frater
286 494 300 518 ‚
328 455 382 507 &
418 455 601 508 contra
623 496 639 520 ‚
658 457 718 509 in
757 456 931 510 fratris
972 459 1128 510 soror
1149 496 1163 521 ,
1183 471 1349 526 utque
1378 455 1510 511 a‘vus
1532 497 1551 522 ,

99 530 223 581 avia
259 528 320 581 in
354 530 532 599 neptis
571 531 890 600 nepotisque
916 569 931 594 ‚
960 532 1014 583 δι
1049 531 1287 584 invicem
1319 531 1401 583 illi
1440 533 1554 584 ser-

99 618 360 655 varentur
390 603 672 657 immunes.
707 605 807 656 His
837 622 1056 673 quoque
1077 644 1091 669 ,
1119 603 1309 674 quibus
1341 622 1437 674 per
1462 606 1559 657 La·

99 675 242 727 tium
280 675 474 729 civitas
510 678 752 731 Romana
786 677 1033 746 patuisset
1055 718 1070 742 ‚
1108 677 1250 730 idem
1290 677 1557 738 indulsit3

97 748 460 818 omnibusque
495 750 636 802 inter
671 752 725 803 se
755 752 1142 820 cognationum
1174 749 1289 816 jura
1322 750 1560 803 commi·

99 822 171 874 sit
207 823 376 874 simul
408 825 461 875 &
487 824 685 891 pariter
705 863 720 887 ‚
745 825 796 876 δί
824 842 977 877 more
1009 839 1207 876 naturae
1229 840 1383 893 ‚51¹1ae
1405 824 1559 893 prio-

97 913 183 948 res
229 896 509 966 Principes
546 897 838 966 a‘sing'ulis
880 898 1058 967 rogari
1101 894 1565 967 gestiebant‚‘non'

99 983 209 1021 tam
246 971 522 1037 praestandi
567 971 748 1022 animo
781 1010 795 1034 ‚
837 970 996 1039 quam
1037 970 1282 1040 negandi.
1332 971 1414 1023 Ex
1445 970 1556 1039 quo

99 1042 339 1112 intessigi
369 1043 541 1113 potest
575 1060 781 1113 quantae
808 1044 1168 1114 'benignitatis
1189 1084 1204 1108 ‚
1231 1043 1415 1113 quanti
1446 1044 1561 1115 spi-

98 1116 238 1168 rit‘fis
276 1118 440 1170 fuerit
463 1158 477 1181 ‚
505 1118 702 1186 sparsas
730 1156 746 1180 ,
777 1132 936 1187 atque
963 1124 979 1181 ς
1011 1132 1072 1169 ut
1107 1118 1181 1171 ita
1222 1117 1392 1174 dicam
1425 1156 1440 1180 ‚
1479 1121 1560 1171 la-

99 1206 253 1242 ceras
305 1190 631 1260 gentilitates
673 1191 931 1261 colligere
987 1206 1146 1260 atque
1200 1190 1517 1243 conneoere
1541 1231 1559 1258 ,

101 1264 155 1316 &
186 1265 348 1333 quasi
371 1264 572 1317 renasci
592 1264 810 1330 jubere:
835 1265 1037 1317 deferre
1071 1264 1216 1333 quod
1235 1266 1521 1334 negabatur
1540 1304 1557 1330 ‚

98 1339 266 1407 atque
308 1337 364 1390 id
405 1338 647 1408 praestare
681 1337 882 1390 cunctis
918 1376 934 1402 ‚
980 1340 1125 1406 quod
1178 1338 1315 1406 saepe
1362 1336 1564 1408 singuli

99 1427 220 1463 non
265 1410 668 1480 impetrassent:
699 1408 968 1480 postremo
1008 1411 1182 1480 ipsum
1213 1410 1314 1462 sibi
1352 1410 1567 1483 eripere

99 1499 187 1538 tot
240 1484 627 1537 beneficiorum
671 1486 981 1537 occasiones
1015 1524 1030 1549 ,
1069 1498 1178 1536 tam
1222 1478 1560 1538 numerosam

100 1559 387 1628 obligandi
444 1558 850 1627 imputandique
910 1558 1207 1610 materiam.
1274 1558 1559 1628 Indignum

98 1634 270 1684 credo
303 1632 355 1685 ei
384 1632 597 1695 visum,
626 1633 688 1685 ab
719 1630 941 1684 homine
972 1631 1088 1700 peti
1123 1632 1267 1701 quod
1295 1630 1369 1682 dii
1396 1631 1568 1684 dedis·

99 1706 245 1759 sent.
286 1707 478 1763 Soror
502 1704 621 1759 estis
668 1707 721 1758 &
754 1706 912 1758 frater
950 1744 965 1768 ‚
1007 1722 1142 1757 avus
1196 1705 1251 1756 &
1287 1719 1557 1772 nepotes:

99 1781 241 1849 quid
275 1779 352 1832 est
383 1774 526 1850 erg&¹
541 1793 635 1832 eur
671 1777 871 1848 rogetis
906 1793 968 1830 ut
1005 1777 1174 1832 sitis?
1206 1777 1383 1829 Vobis
1414 1776 1557 1831 estis.

98 1854 304 1922 Quid?
328 1871 429 1922 pro
469 1856 642 1907 cetera
679 1853 769 1906 sua
815 1851 1183 1905 moderatione
1227 1867 1340 1903 non
1380 1850 1559 1904 minus

97 1928 445 1981 invidiosum
483 1942 633 1996 putat
673 1929 794 1979 dare
836 1926 1182 1988 hereditatem
1216 1964 1232 1988 ‚
1268 1923 1427 1994 quam
1465 1942 1563 1977 au·

96 2003 267 2055 ferre.
305 2001 441 2053 Laeti
481 2018 611 2070 ergo
649 2000 788 2053 adite
823 2000 1059 2052 honores
1085 2038 1099 2061 ‚
1122 1998 1381 2067 capessite
1419 1997 1559 2050 civi-

96 2089 279 2128 tatem
323 2094 336 2126 :
378 2075 646 2127 neminem
682 2075 787 2126 hoc
830 2072 1242 2125 necessitudinis
1279 2073 1561 2139 abruptum

95 2153 268 2202 velut
308 2162 552 2200 truncum
594 2160 1031 2215 amputatumque
1065 2144 1310 2197 destituet
1336 2144 1560 2197 :iisdem

97 2239 346 2285 omnes,
384 2222 575 2291 quibus
614 2219 737 2275 ante
772 2218 1129 2289 pignoribus,
1165 2218 1255 2272 sed
1282 2218 1560 2271 honestio-

95 2314 192 2350 res
233 2293 587 2364 perfruentur.

103 2401 108 2405 -
179 2370 308 2422 XL.
334 2371 413 2422 Ac
439 2386 505 2421 ne
529 2383 768 2420 remotus
791 2366 1005 2436 quidem
1027 2404 1044 2430 ‚
1068 2363 1280 2437 jamque
1311 2363 1562 2419 deficien-

94 2443 178 2498 tis
224 2442 493 2495 affinitatis
531 2443 718 2511 gradus
741 2479 755 2504 ,
776 2457 804 2492 a
836 2440 1067 2508 qualibet
1096 2438 1388 2507 quantitate
1418 2439 1563 2491 vice-

94 2518 312 2571 simam
348 2516 586 2578 inferre,
612 2530 672 2567 ut
702 2513 892 2584 prius,
926 2526 1180 2582 cogetur:
1206 2507 1383 2566 statuit
1412 2512 1561 2564 enim

94 2589 425 2644 communis
464 2588 709 2642 omnium
747 2604 936 2655 parens
973 2586 1272 2650 summam,
1309 2595 1428 2669 quae
1460 2587 1597 2655 pu-'

90 2666 388 2719 micanum
428 2662 539 2732 pati
582 2660 778 2730 possit.
823 2659 1035 2712 Carebit
1082 2675 1247 2710 onere
1287 2657 1563 2711 vicesimae

92 2755 287 2809 parva
320 2739 374 2789 &
400 2736 559 2788 exilis
594 2734 889 2788 hereditas·
879 2768 894 2794 ‚
917 2734 970 2785 δι
1007 2731 1054 2785 si
1092 2732 1166 2785 ita
1197 2745 1374 2802 gratus
1407 2732 1564 2784 heres

92 2814 317 2867 volet,
347 2824 463 2861 tota
494 2810 779 2876 sepulcro,
802 2821 918 2859 tota
953 2804 1128 2859 funeri
1167 2806 1443 2858 servetur.
1465 2822 1564 2857 ne-

93 2902 210 2939 mo
242 2883 597 2947 observator,
619 2898 780 2935 nemo
818 2875 1095 2950 castigator
1129 2878 1356 2933 adsistet.
1384 2875 1566 2942 eujus-

95 2973 354 3029 cumque
399 2956 609 3011 modica
671 2954 897 3026 pecunia
943 2970 1018 3008 ex
1067 2953 1357 3081 hei-{litate
1405 2950 1571 3006 alicui

1234 3043 1273 3093 ¹1
