1951 3720
324 297 419 379 '40
631 286 894 354 CA'II
956 282 1375 354 PL11v11

507 423 619 476 VI.
660 422 991 477 Ριιιιιυε
1029 423 1288 474 Ανιτο
1333 433 1479 473 suo
1520 421 1577 474 S.

323 534 423 588 Sub
454 536 669 605 exemplo
696 552 951 606 praemonet
985 536 1181 587 Avitum
1202 571 1218 598 ,
1249 555 1302 589 ut
1335 556 1503 589 novam
1544 551 1771 604 quorum-

472 632 579 679 dam
608 629 805 680 luxuriae
830 631 875 680 ὃ·
895 627 1107 698 sordium
1129 629 1409 699 societatem
1433 628 1615 699 fiagiat.

324 735 411 829 L
437 786 476 823 o
495 787 535 823 N
553 785 592 824 G
609 786 650 824 υ
673 786 726 824 M
777 771 852 824 est
898 772 1056 827 altius
1110 790 1386 849 repetere,
1429 790 1530 825 nec
1562 772 1774 825 refert
1753 808 1776 834 ,

326 848 772 914 quemadmodum
801 846 1050 899 acciderit
1084 864 1144 900 ut
1173 851 1341 901 homo
1373 845 1602 899 minime
1620 844 1773 897 fami·

326 919 472 972 liaris
504 936 771 971 coenarem
807 922 944 986 apud
967 924 1282 989 quemdam,
1319 935 1381 972 ut
1419 920 1519 971 sibi
1549 919 1777 970 videba-

327 1005 452 1055 tur,
491 996 691 1044 lautum
735 994 787 1044 ὃ(
820 995 1162 1062 diligentem·
1153 1031 1168 1054 ‚
1204 1011 1266 1047 ut
1301 994 1465 1055 mihi,
1500 992 1777 1044 sordidum

328 1060 487 1117 simul
511 1068 564 1117 &
590 1066 974 1150 sumptuosum.
1008 1069 1143 1119 Nam
1163 1068 1265 1120 sibi
1301 1069 1352 1119 &
1383 1065 1563 1135 paucis
1588 1064 1777 1132 opima

330 1142 606 1207 quaedam,
629 1141 818 1193 ceteris
838 1141 968 1192 vilia
992 1141 1045 1192 ὅ(
1063 1141 1269 1193 minuta
1290 1141 1554 1208 ponebat.
1577 1138 1778 1190 vinum

330 1212 493 1265 etiarn
523 1214 767 1282 parvulis
790 1214 1084 1283 lagunculis
1127 1214 1185 1266 in
1224 1216 1325 1266 tria
1356 1229 1547 1283 genera
1578 1210 1782 1263 descri-

331 1287 534 1355 pserat,
558 1304 670 1339 non
694 1301 752 1339 ut
777 1287 1007 1354 potestas
1030 1287 1298 1357 eligendi,
1318 1288 1405 1339 sed
1437 1303 1502 1338 ne
1533 1284 1617 1350 jus
1649 1283 1781 1337 effet

333 1361 643 1414 recusandi·
677 1361 819 1413 aliud
842 1362 943 1413 sibi
982 1362 1035 1413 &
1066 1361 1258 1425 nobis,
1300 1360 1442 1412 aliud
1477 1355 1783 1413 minoribus

335 1432 520 1485 amicis
559 1434 580 1501 (
603 1450 725 1485 nam
761 1435 1015 1503 gradatim
1034 1435 1236 1487 amicos
1265 1434 1466 1500 habet)
1498 1432 1642 1484 aliud
1672 1431 1783 1484 suis

335 1506 628 1576 nostrisque
650 1508 867 1562 libertis.
893 1508 1288 1561 Animadvertit
1318 1506 1412 1576 qui
1430 1506 1563 1558 mihi
1587 1505 1802 1574 Ριοιιὶ·ν

335 1597 456 1632 mus
487 1582 819 1633 recumbebat
839 1622 854 1645 ‚
894 1583 947 1633 &
988 1599 1056 1634 an
1095 1584 1375 1650 probarem
1404 1578 1783 1648 interrogavit.

334 1653 565 1724 Negavi.
606 1655 693 1706 Tu
719 1671 880 1724 ergo,
911 1655 1085 1724 inquit
1106 1695 1122 1719 ,
1150 1672 1309 1724 quam
1340 1653 1783 1706 consuetudinem

338 1727 573 1796 sequeris
613 1731 633 1780 ἓ
685 1729 881 1781 Eadem
917 1729 1166 1781 omnibus
1210 1745 1380 1797 pono.
1438 1727 1522 1778 Ad
1570 1742 1784 1778 coenam

337 1802 486 1853 enim
507 1841 537 1866 ,.
567 1818 678 1854 non
708 1803 773 1853 ad
798 1816 982 1854 notam
1004 1842 1019 1866 ,
1053 1802 1268 1863 invitm,
1300 1800 1602 1871 cunffisque
1628 1802 1785 1852 rebus

338 1892 569 1945 exaequo
590 1915 605 1938 ‚
630 1892 767 1944 quos
788 1877 969 1930 mensa
993 1878 1046 1929 &
1063 1891 1189 1929 toro
1205 1876 1429 1945 aequavi.
1464 1875 1710 1927 Etiamne
1726 1874 1790 1927 li·

340 1950 557 2008 bertos?
578 1950 769 2003 Etiam.
789 1950 1146 2003 Conviekores
1166 1950 1311 2002 enim
1328 1964 1454 2001 tunc
1469 1989 1484 2012 ‚
1498 1965 1612 2001 non
1629 1948 1785 2001 liber·

341 2035 430 2074 tos
451 2062 465 2086 ‚
491 2038 643 2090 puto.
683 2024 747 2073 Et
766 2023 856 2077 ille
880 2063 895 2087 ,
916 2025 1119 2093 Magno
1138 2024 1238 2076 tibi
1269 2022 1486 2075 constat.
1519 2022 1779 2076 Minime.

343 2096 455 2161 Qui
479 2095 596 2148 fieri
622 2096 833 2165 potest?
867 2097 1060 2150 Potest.
1086 2098 1227 2163 Quia
1251 2097 1452 2149 scilicet
1472 2096 1650 2148 liberti
1675 2095 1786 2148 mei

344 2185 458 2221 non
489 2170 630 2222 idem
655 2173 800 2240 quod
822 2187 924 2240 ego
959 2171 1178 2234 bibunt,
1207 2171 1295 2223 sed
1330 2170 1472 2221 idem
1505 2186 1608 2239 ego
1642 2171 1789 2238 quod

343 2243 542 2295 liberti.
588 2245 652 2295 Et
680 2245 893 2296 hercule
914 2284 930 2308 ,
966 2244 1014 2297 si
1056 2247 1189 2313 gulae
1222 2259 1525 2312 temperes,
1566 2259 1682 2295 non
1715 2241 1789 2295 est

346 2317 671 2381 onerosum,
711 2334 821 2385 quo
850 2318 1017 2370 utaris
1052 2317 1205 2386 ipse,
1244 2318 1637 2370 communicare
1666 2333 1789 2368 cum

344 2390 603 2460 pluribus.
663 2392 759 2443 ma
808 2408 938 2461 ergo
975 2392 1349 2460 reprimenda,
1392 2391 1487 2442 illa
1524 2390 1676 2459 quasi
1730 2390 1793 2441 in

346 2464 593 2521 ordinem
635 2465 915 2534 redigenda
964 2465 1084 2529 est,
1126 2465 1173 2518 si
1216 2464 1510 2533 sumptibus
1558 2481 1740 2532 parcas
1766 2502 1786 2527 ‚

348 2536 542 2625 quibus
565 2537 839 2606 aliquanto
875 2538 1067 2592 festius
1100 2539 1188 2592 tua
1226 2538 1598 2600 continentia,
1630 2536 1791 2606 quam

347 2599 520 2661 aliena
559 2612 883 2664 contumelia
921 2614 1179 2665 consulas.
1233 2612 1474 2678 Quorsus
1503 2613 1654 2664 haec.
1642 2614 1662 2649 ²
1705 2612 1788 2664 Ne

344 2682 451 2735 tibi
476 2684 696 2750 optimae
717 2684 953 2738 indolis
940 2686 1126 2751 juveni
1149 2687 1496 2754 quorumdam
1530 2685 1588 2737 in
1610 2684 1791 2736 mensa

350 2757 563 2808 luxuria
586 2758 759 2825 specie
778 2758 1131 2829 frugalitatis
1118 2775 1379 2827 rmponat.
1410 2758 1684 2811 Convenit
1707 2774 1793 2808 au·

352 2844 463 2881 tem
484 2831 653 2882 amori
684 2832 742 2883 in
776 2848 828 2884 te
859 2849 1014 2896 meo,
1050 2834 1262 2901 quoties
1292 2834 1396 2885 tale
1427 2832 1631 2900 aliquid
1661 2830 1797 2883 inci·
1839 2877 1851 2890 ,

355 2909 491 2961 derit
509 2947 525 2974 ,
562 2906 654 2960 sub
689 2908 942 2975 exemplo
980 2923 1312 2975 praemonere
1350 2905 1479 2976 quid
1501 2906 1688 2959 debeas
1709 2905 1798 2958 fu·
