1951 3720
395 280 540 373 '408
677 278 1538 353 ,Panzornrcvs

395 405 603 458 tantum
629 443 644 468 ,
682 420 748 457 an
786 404 838 456 δι
872 404 1163 457 consulem.
1203 404 1305 457 His
1345 419 1431 456 tot
1463 402 1733 472 tantisque
1761 419 1828 457 ιι-

394 478 663 541 tionibuS,
688 494 1008 547 quamquam
1044 478 1272 530 multum
1306 477 1559 531 relustata
1590 494 1832 530 verecun-

395 552 482 605 dia
535 552 796 619 Principis
842 551 1008 603 nostri
1050 553 1262 603 tandem
1318 566 1499 602 tamen
1549 552 1733 602 cessit.
1771 553 1849 601 At·

396 627 843 692 quemadmodum
873 624 1034 677 cessit
1058 626 1079 677 .>
1100 625 1228 677 Non
1250 624 1310 677 se
1347 639 1411 676 ut
1442 624 1679 691 privatis
1703 662 1720 686 ,
1755 623 1837 674 sed

398 711 460 749 ut
510 698 751 764 privatos
803 705 955 765 pares
1008 697 1111 749 sibi
1160 698 1371 750 faceret.
1417 698 1651 764 Recepit
1700 697 1853 747 enim·

394 771 614 823 tertium
652 771 983 825 consulatum
1012 809 1030 833 ,
1068 786 1131 823 ut
1159 773 1322 824 daret.
1366 772 1615 822 Noverat
1659 771 1834 821 mode·

394 844 659 903 rationem
691 844 974 896 hominum
994 882 1011 906 ,
1037 859 1264 901 noverat
1284 845 1545 912 pudorem
1572 882 1590 906 ‚
1613 844 1709 912 qui
1734 859 1833 894 non

395 916 707 970 sustinerent
758 914 920 970 tertio
967 917 1212 971 consules
1250 916 1352 970 effe
1385 956 1401 981 ‚
1447 917 1558 969 nisi
1598 933 1725 968 cum
1763 931 1834 968 ter

396 991 632 1049 consule.
665 990 936 1042 Bellorum
975 988 1112 1041 istud
1150 990 1310 1043 sociis
1355 989 1490 1042 olim
1515 1028 1530 1053 ,
1570 990 1831 1058 periculo·

395 1080 515 1115 tum
537 1063 875 1116 consortibus
895 1103 909 1126 ,
929 1061 1087 1131 parc'e
1110 1078 1289 1116 tamen
1317 1064 1675 1127 tribuebatur,
1700 1063 1833 1131 quod

396 1151 458 1188 tu
487 1136 838 1206 singularibus
873 1137 1010 1189 viris
1035 1174 1052 1201 ,
1083 1153 1144 1189 ac
1183 1139 1247 1188 de
1280 1153 1333 1190 te
1364 1137 1582 1204 quidem
1619 1139 1752 1189 bene
1779 1152 1832 1188 ac

369 1268 374 1273 ‚
396 1209 609 1274 §ortiser
635 1246 651 1274 ,
688 1211 777 1262 sed
813 1210 871 1262 in
896 1222 1024 1280 toga
1052 1210 1259 1267 meritis
1284 1209 1585 1278 praestitisti.
1630 1210 1832 1262 Utrius-

397 1300 503 1355 que
544 1284 667 1336 cura
704 1323 721 1347 ,
761 1283 1034 1351 utriusque
1071 1283 1355 1352 vigilantia
1402 1282 1686 1336 obstriaus
1731 1301 1784 1335 es
1814 1322 1833 1346 ,

400 1357 593 1418 Caesar.
632 1359 737 1413 Sed
767 1358 825 1409 in
857 1356 1101 1425 Principe
1133 1374 1309 1410 rarum
1341 1374 1405 1409 ac
1440 1374 1620 1425 prope
1655 1355 1835 1409 insoli—

398 1441 515 1489 tJum
551 1429 664 1493 est,
692 1445 754 1483 ut
787 1431 841 1485 se
872 1444 1025 1497 putet
1064 1430 1403 1499 obligatum,
1438 1446 1529 1483 aut
1569 1430 1620 1482 si
1650 1444 1834 1499 putet,

398 1518 560 1572 amet.
593 1505 771 1557 Debes
800 1516 975 1572 ergo,
1001 1504 1208 1567 Caesar,
1235 1503 1291 1556 δι
1317 1503 1506 1558 solvis.
1542 1504 1651 1556 Sed
1680 1520 1837 1572 quum

398 1590 482 1633 ter
518 1576 763 1630 consules
795 1577 967 1639 facis,
1009 1593 1123 1631 non
1157 1577 1255 1630 tibi
1289 1593 1510 1646 magnus
1547 1576 1836 1645 Princeps,

399 1650 491 1702 sed
537 1668 652 1704 non
695 1650 931 1720 ingratus
967 1650 1170 1702 amicus
1213 1649 1434 1703 videris.
1480 1650 1637 1716 Quin
1685 1651 1840 1703 etiam

399 1740 657 1793 perquam
689 1723 901 1777 modica
910 1725 1174 1807 quadam
1208 1723 1411 1777 civium
1449 1723 1646 1776 merita
1684 1723 1841 1776 fortu-

400 1813 484 1850 nae
524 1814 628 1857 tusae
667 1797 872 1851 viribus
906 1796 964 1849 in
1000 1796 1169 1863 majus
1200 1796 1455 1850 extollis.
1482 1796 1661 1849 Efficis
1699 1796 1851 1850 enim·

401 1886 462 1924 ut
490 1887 697 1942 tantum
719 1872 817 1924 tibi
836 1870 1061 1940 quisque
1082 1868 1368 1939 praestitiss‘e
1387 1870 1636 1924 videatur
1649 1909 1666 1936 ‚
1680 1889 1838 1940 quan·

401 1957 516 2000 tum
551 1962 584 2000 a
618 1961 673 1998 te
711 1944 919 2013 recipit.
953 1943 1100 2010 Quid
1133 1944 1218 1996 isti
1255 1943 1577 2013 benignitati
1618 1947 1836 2013 precer?

320 2069 324 2073 .
402 2017 510 2069 nisi
538 2034 599 2078 ut
636 2019 843 2087 semper
877 2019 1120 2086 obliges,
1151 2017 1440 2088 obligeri33
1471 2017 1841 2087 incertumque

401 2090 605 2155 facias,
644 2105 823 2148 utrum
869 2091 1038 2160 magis
1073 2090 1321 2159 expediat
1355 2090 1567 2145 civibus
1608 2092 1720 2147 tuis
1753 2094 1836 2145 de·

401 2164 526 2217 bere
562 2131 695 2228 tibi,
720 2182 788 2217 an
822 2162 1129 2232 praestitifl'e.
1276 2195 1283 2196 ff

477 2238 618 2298 LXI.
656 2239 914 2307 Equidem
949 2239 1103 2290 illum
1142 2213 1418 2307 antiquum
1447 2239 1695 2294 senatum
1724 2256 1839 2292 con·

403 2313 543 2364 tueri
574 2311 833 2375 videbar,
855 2328 1021 2380 quum
1057 2325 1137 2364 ter
1167 2312 1383 2367 consule
1412 2313 1726 2377 assidente,
1746 2329 1837 2366 ter-

403 2383 487 2448 tio
516 2385 789 2450 consulem
818 2384 1149 2454 designatum
1175 2385 1358 2454 rogari
1387 2386 1713 2439 sententiam
1740 2403 1842 2441 cer-

405 2475 607 2520 nerem.
633 2457 837 2524 Quanti
864 2471 990 2510 tunc
1019 2457 1138 2519 illi,
1161 2460 1497 2527 quantusque.
1511 2474 1576 2513 tu
1594 2462 1617 2514 ἓ
1635 2460 1841 2513 Accidit

404 2532 621 2600 quidem
659 2548 719 2584 ut
750 2545 978 2600 corpora
1006 2532 1314 2601 quamlibet
1356 2535 1525 2588 ardua.
1547 2534 1603 2586 &
1636 2534 1843 2588 excelsa

404 2604 797 2690 procerioribus
832 2607 1045 2658 admota
1082 2606 1435 2666 decrescant·,
1450 2606 1584 2660 item
1612 2622 1676 2659 ut
1706 2608 1840 2660 altis·

404 2678 554 2742 sima:
596 2679 800 2740 civium
850 2679 1132 2747 dignitates
1183 2680 1472 2733 collatione
1521 2680 1719 2751 fastigii
1758 2680 1841 2734 tui

404 2751 557 2824 quasi
586 2752 989 2821 deprimantur3
1025 2751 1334 2822 quantoque
1368 2753 1593 2830 propius
1626 2756 1695 2807 ad
1726 2770 1839 2806 ma·

404 2826 739 2896 gnitudinem
773 2840 920 2887 tuam
953 2826 1350 2891 adscenderint,
1372 2840 1581 2880 tantum
1607 2827 1774 2881 etiam
1809 2844 1843 2881 a

404 2898 496 2962 sua
514 2896 827 2964 descendiffe
853 2898 1155 2972 videaumt.
1185 2900 1315 2959 Illos
1337 2915 1518 2958 tamen
1540 2916 1634 2967 tu,
1659 2917 1844 2971 quam·

1679 2989 1841 3045 quam
