1951 3720
379 385 517 455 292
718 358 977 428 CAH
1051 358 1473 427 ΡιιΝιι

370 485 504 536 hora
547 495 729 552 quarta
776 484 868 536 vel
913 479 1098 550 quinta
1144 483 1167 549 (
1206 496 1379 549 neque
1418 477 1568 531 enim
1615 490 1815 533 certum

374 557 775 625 dimensumque
819 555 1074 623 tempus)
1113 569 1174 606 ut
1209 554 1321 606 dies
1356 553 1557 615 suasit,
1591 553 1650 604 in
1685 554 1816 622 xys-

373 646 490 682 tum
528 647 614 682 me
636 668 651 693 ‚
686 632 775 682 vel
810 627 1279 697 cryptoporticum
1313 626 1574 685 confer03
1614 627 1815 693 reliqua

376 702 606 755 meditor
664 703 716 754 δε
769 702 911 763 disto
960 719 979 761 ·‚
1035 701 1348 754 vehiculum
1396 700 1677 752 adscendo.
1738 697 1817 750 Ibi

375 793 591 844 quoque
630 774 769 827 idem
791 815 805 835 ,
839 776 984 842 quod
1021 775 1291 827 ambulans
1334 787 1426 825 aut
1460 771 1656 836 jacens.
1698 772 1819 825 Du-

372 864 452 901 rat
502 850 731 901 intentio
753 886 768 911 ‚
803 847 1099 900 mutatione
1151 847 1268 915 ipsa
1322 844 1513 897 refecta
1548 864 1562 897 z
1602 844 1819 913 paulurn

373 921 645 975 redormio
667 961 682 984 ‚
713 922 837 973 dein
867 922 1080 973 ambulo
1106 958 1121 982 ,
1155 936 1289 971 mox
1310 918 1630 971 ⁴orationem
1664 916 1820 969 Grae·

371 1012 489 1047 cam
511 995 822 1047 Latinamve
856 993 998 1047 clare
1024 994 1077 1045 δε
1106 989 1316 1044 intente
1340 1031 1354 1055 ,
1388 1007 1502 1043 non
1528 1007 1637 1043 tam
1661 990 1819 1042 vocis

372 1068 531 1120 causa
568 1066 726 1136 quam
765 1066 1062 1129 stomachi,
1102 1069 1227 1136 lego
1260 1085 1273 1117 :
1321 1064 1518 1132 pariter
1553 1079 1735 1116 tamen
1764 1064 1822 1116 δε

375 1141 471 1194 illa
489 1139 747 1193 firmatur.
782 1141 980 1192 Iterum
1011 1141 1256 1202 ambulo,
1291 1154 1465 1208 ungor
1488 1176 1503 1201 ‚
1525 1153 1782 1190 exerceor
1803 1175 1822 1200 ,

372 1217 547 1266 lavor.
589 1213 832 1266 Coenanti
863 1213 997 1264 mihi
1019 1252 1034 1275 ,
1070 1212 1116 1264 si
1141 1228 1262 1264 cum
1284 1227 1455 1263 uxore
1478 1211 1569 1262 vel
1602 1210 1781 1278 paucis
1803 1250 1820 1274 ‚

375 1288 509 1340 liber
544 1287 772 1357 legitur:
796 1285 915 1354 post
943 1302 1156 1338 coenam
1178 1324 1194 1347 ‚
1230 1286 1509 1337 comoedus
1533 1297 1625 1335 aut
1662 1284 1822 1353 lyris-

375 1375 458 1413 tes
493 1380 506 1413 :
546 1376 678 1412 mox
719 1376 839 1411 cum
879 1360 1016 1410 meis
1059 1359 1307 1420 ambulo,
1347 1374 1579 1426 quorum
1616 1359 1676 1409 in
1722 1375 1822 1409 nu-

377 1449 529 1486 mero
560 1434 680 1485 sunt
708 1432 918 1485 eruditi.
954 1433 1036 1483 Ita
1056 1431 1221 1483 variis
1245 1431 1577 1483 sermonibus
1601 1430 1821 1498 vespera

378 1507 684 1559 extenditur
719 1544 734 1569 ,
783 1506 835 1557 &
861 1544 876 1568 ‚
932 1520 1253 1573 quamquam
1309 1503 1659 1573 longissimus
1711 1504 1820 1556 dies

376 1578 490 1632 cito
514 1579 779 1633 conditur.
816 1580 1236 1645 Nonnumquam
1267 1594 1338 1629 ex
1369 1579 1476 1629 hoc
1511 1575 1702 1628 ordine
1725 1577 1823 1629 ali-

381 1670 485 1722 qua
521 1665 805 1705 mutantur.
843 1652 982 1703 Nam
1004 1651 1056 1702 si
1087 1651 1177 1702 diu
1207 1650 1375 1715 jacui,
1397 1651 1488 1702 vel
1517 1650 1820 1714 ambulavi,

382 1726 500 1796 post
530 1726 775 1778 somnum
812 1726 1027 1776 demum
1055 1723 1450 1792 leffionemque
1471 1763 1486 1786 ,
1522 1740 1636 1775 non
1666 1724 1822 1776 vehi·

381 1803 505 1852 culo
527 1839 542 1864 ,
575 1799 663 1851 sed
683 1838 698 1864 ,
737 1799 881 1867 quod
914 1795 1131 1850 brevius
1154 1836 1168 1860 ‚
1209 1796 1333 1867 quia
1367 1797 1644 1860 velocius,
1682 1814 1822 1867 equo

385 1874 575 1943 gestor.
601 1871 972 1925 Interveniunt
993 1871 1151 1923 amici
1174 1888 1243 1924 ex
1275 1870 1540 1939 proximis
1573 1871 1787 1939 oppidis
1804 1911 1820 1935 ,

384 1962 696 2015 partemque
751 1945 857 1997 diei
911 1946 973 1996 ad
1029 1944 1081 1996 se
1133 1945 1345 2004 trahunt
1377 1983 1393 2007 ‚
1452 1943 1821 2014 interdumque

382 2019 564 2074 laffato
615 2017 750 2071 mihi
799 2017 1107 2087 opportuna
1156 2016 1587 2086 interpellatione
1637 2018 1821 2071 subve-

385 2086 793 2147 niuntT'Venor
831 2092 1116 2160 aliquando
1143 2128 1158 2153 ,
1201 2091 1289 2143 sed
1336 2107 1450 2142 non
1483 2091 1602 2146 sine
1651 2092 1820 2161 pugil-

382 2166 579 2219 laribus
609 2204 624 2228 ‚
666 2179 727 2217 ut
764 2165 1011 2234 quamvis
1052 2163 1186 2214 nihil
1232 2165 1465 2232 ceperim
1504 2202 1520 2226 ,
1579 2165 1817 2216 nonnihil

382 2239 625 2292 referam.
680 2238 853 2290 Datur
902 2238 955 2289 &
998 2235 1210 2290 colonis
1235 2277 1250 2302 ,
1296 2252 1355 2290 ut
1403 2236 1621 2289 videtur
1656 2236 1817 2306 ipsis,

384 2310 643 2367 nonsatis
671 2311 931 2378 temporis
955 2348 971 2373 ‚
1005 2326 1235 2379 quorum
1269 2311 1402 2363 mihi
1440 2309 1671 2380 agrestes
1706 2327 1817 2379 que-

379 2388 504 2438 relae
526 2384 727 2437 litteras
748 2383 947 2438 nostras
969 2384 1023 2437 &
1043 2382 1219 2448 isthaec
1251 2386 1448 2438 urbana
1473 2399 1646 2453 opera
1680 2400 1817 2439 com-

388 2459 656 2516 mendant.
683 2458 840 2512 Vale.
