1951 3720
399 257 679 326 Eprs
714 269 1031 348 ToLAE.
1083 255 1229 326 Lib.
1260 253 1352 327 V.
1487 272 1621 356 155

170 378 311 449 iusto
352 375 559 433 litteras
598 378 780 432 mittes
810 418 826 442 ,
876 392 1152 431 memento
1191 377 1434 432 adhibere
1480 381 1627 435 sola·

170 455 341 520 tium,
387 471 503 507 non
544 453 696 523 quasi
730 452 1123 523 castigatorium
1155 453 1207 504 &
1249 452 1411 506 nimis
1442 454 1582 507 forte
1606 494 1624 520 ,

173 528 260 581 sed
293 531 464 581 molle
494 530 548 581 δε
569 528 877 585 humanum.
924 528 1087 593 Quod
1104 540 1166 579 ut
1193 527 1400 580 facilius
1431 529 1627 580 admit-

171 615 281 666 tat,
308 605 544 654 multum
572 601 732 665 faciet
768 601 929 653 medii
967 600 1231 668 'temporis
1262 600 1508 668 spatium.
1546 603 1627 654 Ut

170 676 315 728 enim
351 678 578 728 crudum
621 677 785 727 adhuc
824 676 1023 726 vulnus
1060 674 1392 726 medentium
1434 690 1621 727 manus

172 750 523 813 reformidat,
554 740 741 801 deinde
764 747 992 817 patitur,
1013 763 1169 815 atque
1190 751 1339 800 ultro
1358 748 1622 815 requirit·

174 821 245 874 sic
279 839 472 875 recens
511 822 678 874 animi
720 823 876 874 dolor
917 819 1315 874 consolationes
1344 819 1521 886 rejicit
1561 837 1623 874 ac

173 896 361 965 refugit
394 914 412 955 ;
456 912 595 947 mox
635 895 933 959 desiderat,
969 895 1023 947 δε
1058 896 1349 947 clementer
1387 894 1623 949 admotis

175 968 482 1038 acquiescit.
516 970 675 1021 Vale.

212 1088 433 1143 XVII.
484 1088 816 1141 Fuluus
856 1088 1279 1142 spumata
1321 1103 1468 1143 suo
1509 1092 1571 1146 S.

213 1188 416 1239 Nobilis
443 1184 763 1254 adolesbentis
788 1186 1014 1253 ροῖηιαα
1039 1185 1131 1255 sna
1159 1188 1406 1238 recitantis
1438 1188 1543 1239 laus
1555 1219 1579 1247 ‚

585 1279 847 1351 fratrisque
874 1283 1010 1333 illius
1026 1284 1207 1353 pietas.
1280 1341 1283 1346 ⁵
1374 1311 1379 1316 ·

125 1473 128 1480 ⁴
176 1372 232 1466 S
248 1422 283 1462 c
301 1422 326 1462 1
345 1422 389 1461 o
415 1421 656 1477 quanto
705 1423 870 1476 opere
925 1406 1093 1491 bonis·
1110 1408 1341 1466 artibus
1384 1409 1563 1464 faveas
1604 1421 1627 1477 ,j

175 1498 429 1552 quantum
482 1483 730 1552 gaudium
769 1481 944 1550 capias
985 1520 1000 1544 ,
1051 1480 1100 1533 si
1152 1483 1359 1535 nobiles
1397 1483 1624 1546 iuvenes

147 1557 388 1628 *dignum
414 1555 625 1624 aliquid
656 1553 941 1617 maioribus
971 1554 1085 1606 suis
1109 1549 1335 1607 faciant·
1324 1597 1335 1607 .
1371 1556 1493 1625 quo
1516 1558 1624 1611 fes-

175 1629 430 1682 tinantius
458 1629 654 1681 nuntio
677 1629 773 1681 tibi
800 1627 949 1683 fuiss‘e
973 1643 1060 1679 me
1082 1629 1244 1679 hodie
1270 1629 1326 1680 in
1351 1631 1624 1683 auditorio

176 1702 455 1773 Calpurnii
479 1703 708 1755 Pisonis.
748 1702 1021 1754 Recitabat
1041 1702 1467 1777 ἰςυτοπαίγηον,
1500 1720 1625 1754 eru·

174 1785 330 1837 <litam
385 1782 518 1837 sane
572 1785 999 1851 luculentamque
1052 1780 1345 1833 materiam.
1417 1782 1625 1850 Scripta

175 1859 332 1930 elegis
369 1874 490 1912 erat
524 1856 847 1917 fluentibus,
875 1856 927 1908 ὃ(
957 1855 1196 1919 teneris,
1216 1855 1291 1907 δῑ
1319 1855 1581 1910 enodibus
1603 1892 1627 1923 5

176 1933 483 1987 sublimibus
504 1933 704 1995 etiam,
739 1945 804 1982 ut
834 1929 1084 1998 poposcit
1106 1932 1275 1982 Ιοως.
1308 1930 1448 1999 Apte
1474 1930 1624 1983 enim

179 2007 228 2057 ὃ(
252 2007 406 2060 varie
448 2022 591 2058 nunc
620 1971 995 2066 attollebatur,
1023 2018 1164 2055 nunc
1186 2001 1486 2057 residebat:
1519 2020 1629 2056 ex·-

178 2082 305 2132 celsa
340 2079 615 2148 depressis
642 2118 657 2142 ,
701 2077 867 2130 exilia
903 2078 1079 2146 plenis
1105 2077 1357 2145 ,severis
1397 2076 1625 2141 jucunda

177 2156 407 2207 mutabat
452 2171 469 2212 ;
513 2151 698 2205 omnia
741 2152 964 2221 ingenio
1011 2151 1145 2219 pari.
1205 2151 1625 2205 Commendabat

177 2228 284 2281 haec
317 2244 465 2280 voce
498 2226 852 2289 suavissima,
875 2242 1071 2278 vocem
1090 2224 1459 2279 verecundia:
1481 2229 1627 2278 mul-

177 2316 286 2353 tum
334 2299 647 2370 sanguinis,
693 2300 921 2351 multum
956 2296 1331 2350 sollicitudinis
1370 2297 1428 2350 in
1484 2316 1579 2351 ore
1605 2337 1630 2366 ,

178 2392 365 2445 magna
390 2388 707 2426 ornamenta
735 2371 1033 2424 recitantis.
1068 2370 1281 2423 Etenim
1311 2372 1491 2424 nescio
1512 2389 1631 2441 quo

178 2449 330 2516 pacto
351 2448 525 2517 magis
557 2447 615 2498 in
632 2446 812 2498 studiis
830 2445 1081 2497 homines
1100 2444 1267 2497 timor
1302 2462 1459 2515 quam
1482 2446 1625 2497 fidu-

180 2522 261 2575 cia
292 2525 465 2575 decet.
499 2522 583 2572 Ne
602 2523 752 2589 plura
774 2520 794 2587 (
821 2535 1138 2589 quamquam
1159 2518 1290 2571 libet
1306 2522 1484 2587 plura,
1513 2518 1633 2588 quo

180 2583 296 2647 sunt
336 2581 648 2664 pulchriora
686 2597 749 2646 de
783 2594 1021 2659 juvene,
1060 2592 1258 2643 rariora
1294 2594 1357 2644 de
1400 2593 1569 2644 nobili
1604 2592 1635 2657 J

181 2668 498 2722 recitatione
546 2667 742 2731 finita,
787 2668 1016 2719 multum
1056 2682 1114 2718 ac
1156 2666 1248 2718 diu
1290 2667 1637 2718 exosculatus

181 2743 611 2806 adolescentem,
650 2741 741 2812 qui
774 2741 847 2793 est
886 2740 1170 2793 acerrimus
1216 2739 1461 2791 stimulus
1506 2755 1637 2790 mo-

181 2816 382 2879 nendi,
425 2817 665 2868 laudibus
709 2814 970 2877 incitavi,
1002 2820 1239 2884 pergeret
1261 2814 1349 2881 quel
1388 2811 1637 2881 coepiffet,

182 2892 427 2958 lumenque
459 2892 584 2958 quod
616 2889 706 2939 sibi
736 2890 934 2959 majores
948 2886 1028 2956 sui
1057 2887 1367 2958 pratuliffent
1391 2921 1415 2947 5
1432 2887 1643 2955 pollutio

1199 2958 1342 3026 δὴ.
