1951 3720
327 266 900 332 EPtsToLAE.
927 262 1074 331 Lib.
1101 263 1270 332 Vll.
1385 271 1529 356 219'

116 383 303 437 effusius
326 424 340 448 ,
368 383 531 453 quam
555 381 790 451 principi
820 382 1035 436 feminae
1069 382 1346 436 convenit.
1404 386 1524 438 Hos

118 461 379 525 Quadratus
420 474 535 509 non
559 458 616 508 in
642 458 849 509 theatro
867 495 882 520 ‚
915 474 1030 508 non
1055 457 1202 509 domi
1225 456 1484 525 spe&abat
1509 477 1527 518 ·‚

118 548 192 583 nec
233 532 320 583 illa
357 532 622 600 exigebat.
680 530 879 582 Audivi
921 530 1090 598 ipsam
1123 570 1137 594 ,
1180 548 1343 599 quum
1393 531 1531 585 mihi

116 606 480 656 commendaret
523 603 737 672 nepotis
775 604 854 655 sui
894 603 1058 656 studia
1083 643 1098 667 ‚
1141 604 1309 656 solere
1336 605 1389 656 se
1414 644 1428 667 ,
1466 620 1527 657 ut

116 678 333 730 feminam
348 717 364 741 ‚
392 680 450 729 in
474 678 574 729 illo
589 677 706 730 otio
738 678 891 731 sexus
909 718 924 742 ‚
951 680 1130 731 laxare
1153 677 1389 730 animum
1413 678 1533 730 lusu

117 753 406 804 calculorum
433 790 448 814 ‚
490 752 659 803 solere
691 751 921 820 speEtare
957 750 1324 819 pantomimos
1362 751 1488 805 suos
1516 770 1535 810 ·,

116 824 186 876 sed
222 842 380 893 quum
428 825 627 878 fastura
669 823 795 877 effer
834 827 1179 888 alterutrum,
1220 825 1427 893 semper
1478 825 1535 877 se

116 899 272 967 nepoti
304 899 401 951 suo
432 897 734 967 praecepiss'e
759 898 925 951 abiret
944 938 960 962 ,
1003 897 1360 967 studeretque:
1384 900 1531 968 quod

117 971 223 1024 mihi
241 989 352 1025 non
383 989 565 1024 amore
597 971 710 1036 ejus
751 971 918 1041 magis
949 973 1150 1034 facere,
1183 970 1341 1040 quam
1374 989 1539 1025 reve-

116 1045 254 1096 rentia
287 1046 582 1099 videbatur.
617 1044 897 1098 Miraberis
914 1086 929 1109 ‚
951 1046 1010 1097 &
1028 1061 1129 1115 ego
1152 1045 1370 1097 miratus
1395 1046 1535 1100 sum.

116 1118 358 1171 Proximis
382 1119 789 1172 sacerdotalibus
807 1120 948 1172 ludis
966 1159 982 1182 ‚
1008 1118 1279 1187 produffis
1299 1118 1359 1170 in
1381 1136 1535 1171 corn-

116 1193 347 1245 missione
387 1192 735 1262 pantomimis
757 1232 772 1255 ,
805 1209 970 1261 quum
1003 1192 1162 1244 simul
1195 1192 1402 1244 theatro
1431 1210 1535 1263 ego

117 1265 156 1317 &
196 1268 488 1334 Quadratus
526 1268 928 1335 egrederemur,
969 1265 1046 1317 ait
1095 1264 1229 1318 mibi
1261 1284 1274 1317 :
1316 1265 1424 1316 Scis
1465 1286 1575 1317 me·

113 1342 226 1391 hodie
249 1341 451 1410 primdm
489 1339 650 1407 vidtffe
676 1337 935 1407 saltantem
967 1340 1084 1392 aviae
1112 1358 1220 1391 mcae
1260 1340 1477 1391 libertum
1508 1340 1538 1392 ἲ

114 1413 217 1466 Hoc
253 1431 443 1483 nepos.
490 1414 559 1464 At
581 1452 597 1475 ,
640 1414 853 1466 hercule
876 1452 890 1477 ‚
934 1411 1250 1466 alienissimi
1285 1412 1535 1468 homines

113 1486 161 1538 in
183 1489 445 1542 honorem
487 1487 826 1553 Quadratillae
857 1488 879 1555 (
903 1488 1066 1554 pudet
1096 1503 1181 1538 me
1213 1484 1398 1538 dixiss‘e
1429 1487 1538 1539 ho-

112 1577 278 1613 norem
322 1560 343 1627 )
378 1578 473 1629 per
504 1560 825 1612 adulationis
861 1560 1133 1622 officium,
1178 1553 1235 1610 in
1272 1560 1535 1613 theatrum

110 1636 412 1687 cursitabant
436 1674 450 1698 ,
482 1634 810 1687 exsultabant
831 1673 847 1698 ‚
885 1634 1201 1701 plaudebant
1223 1671 1238 1695 ‚
1271 1631 1533 1685 miraban-

112 1722 225 1769 tur;
271 1724 334 1761 ac
384 1707 573 1761 deinde
619 1707 861 1778 singulos
910 1705 1082 1777 gestus
1133 1706 1362 1758 dominae
1413 1723 1536 1759 cum

111 1782 310 1834 canticis
349 1783 661 1841 reddebant·,
684 1780 776 1850 qui
794 1798 933 1833 nunc
957 1778 1305 1850 exiguissima
1328 1781 1498 1849 legata
1519 1821 1535 1845 ,

111 1855 360 1909 theatralis
398 1873 577 1924 operae
607 1854 950 1909 corollarium
977 1895 993 1920 ,
1036 1852 1301 1922 accipient
1337 1853 1399 1908 ab
1440 1854 1536 1907 he-

111 1932 213 1983 rede
251 1930 349 2000 qui
396 1946 509 1982 non
546 1929 824 1998 spectabat.
884 1929 1048 1992 Haec,
1092 1929 1217 1997 quia
1264 1927 1403 1980 soles
1428 1967 1443 1991 ‚
1487 1928 1538 1982 si

111 2002 219 2071 quid
255 2004 449 2056 incidit
491 2004 665 2067 novi,
702 2021 816 2059 non
857 2001 1061 2055 invitus
1099 2003 1313 2061 audire·,
1350 2002 1538 2055 deinde

110 2077 215 2145 quia
244 2077 538 2142 jucundum
558 2076 631 2130 est
660 2076 795 2129 mihi
815 2116 831 2141 ,
859 2078 1005 2144 quod
1026 2075 1259 2144 ceperim
1289 2075 1542 2144 gaudium

110 2151 366 2204 scribendo
404 2149 700 2205 retraElare.
757 2150 981 2207 Gaudeo
1023 2148 1169 2202 enim
1206 2150 1402 2217 pietate
1448 2151 1538 2203 de-

108 2222 304 2289 funRae,
324 2226 535 2277 honore
558 2222 753 2292 optimi
775 2222 990 2287 juvenis
1011 2242 1024 2276 :
1045 2226 1200 2275 laetor
1218 2222 1378 2275 etiam
1393 2221 1541 2291 quod

108 2298 279 2351 domus
312 2298 604 2366 aliquando
632 2300 693 2350 C.
737 2296 947 2359 Cassii,
979 2295 1135 2360 huius
1162 2336 1175 2359 ,
1202 2296 1296 2364 qui
1338 2297 1543 2350 Cassia-

108 2386 177 2423 nae
210 2372 408 2425 scholae
443 2371 690 2439 princeps
731 2372 783 2422 ὅ(
816 2387 1006 2438 parens
1040 2369 1140 2421 fuit
1164 2409 1179 2433 ‚
1215 2368 1411 2422 serviet
1441 2372 1542 2423 do—

107 2444 241 2498 mino
287 2462 406 2498 non
458 2443 680 2497 minori.
735 2443 985 2512 Implebit
1023 2443 1167 2496 enim
1204 2442 1351 2495 illam
1391 2444 1540 2510 Qua-

107 2519 266 2572 dratus
299 2536 455 2571 meus
481 2557 496 2581 ‚
534 2518 585 2569 &
618 2516 859 2576 decebit·,
893 2516 1170 2585 rursusque
1195 2516 1245 2569 ei
1267 2516 1538 2585 pristinam

107 2590 411 2662 dignitatem
440 2632 455 2656 ‚
494 2590 850 2643 celebritatem
884 2631 899 2654 ‚
945 2590 1276 2661 gloriamque
1318 2591 1497 2642 reddet
1524 2628 1539 2653 ,

107 2682 255 2731 quum
291 2680 474 2717 tantus
507 2679 689 2716 orator
708 2664 828 2717 inde
848 2666 1132 2733 procedet,
1158 2678 1385 2733 quantus
1406 2662 1539 2730 juris

105 2737 182 2791 ille
216 2740 519 2793 consultus,
561 2739 717 2794 Vale.

1178 2955 1294 3022 Kij
