1951 3720
360 352 500 423 294
666 328 932 397 CAII
1006 330 1434 398 PL1N11

428 449 744 507 XXXVIII.
779 449 1043 504 Pumvs
1081 453 1465 507 SATuRmxo
1507 462 1634 505 svo
1674 451 1737 508 S.

792 548 908 619 Rufi
958 549 1131 599 librum
1176 550 1364 600 laudae.

357 634 554 726 EGO
596 669 733 731 verb
774 671 972 724 Rufum
1010 672 1249 726 nostrum
1283 674 1442 726 laudo
1481 691 1497 725 ε
1539 688 1655 726 non
1679 670 1798 741 quia

355 762 415 798 tu
440 784 454 808 ,
509 758 568 796 ut
606 744 679 796 ita
724 745 950 798 facerem
985 785 998 809 ,
1041 745 1255 814 petisti,
1297 747 1385 799 sed
1431 745 1554 816 quia
1598 747 1687 798 ine
1730 744 1801 797 est

356 816 719 888 dignissimus,
762 819 895 888 Legi
918 820 1065 872 enim
1085 820 1278 872 librum
1299 819 1548 873 omnibus
1571 817 1799 872 numeris

355 892 652 945 absolutum
674 930 690 954 ,
729 893 820 944 cui
862 896 1092 945 multum
1130 895 1268 961 apud
1307 911 1393 946 me
1431 893 1613 964 gratiae
1653 908 1799 943 amor

357 965 530 1034 ipsius
579 963 788 1027 adjecit.
845 966 1094 1021 Judicavi
1149 983 1328 1020 tamen
1365 987 1379 1020 ε
1434 984 1610 1036 neque
1658 965 1805 1017 enim

355 1039 458 1093 soli
496 1037 760 1104 judicant,
782 1041 876 1110 qui
907 1039 1141 1111 maligne
1176 1044 1379 1111 legunt.
1418 1042 1579 1094 Vale.

410 1161 719 1215 XXXIX.
761 1162 1096 1216 PLINIUS
1137 1163 1463 1216 Μυετιο
1507 1177 1657 1216 suo
1697 1165 1753 1219 S·

430 1260 612 1312 «ΕΔΜ
649 1260 830 1311 Cereris
871 1259 1123 1326 resti-larus
1141 1295 1159 1317 ‚
1200 1278 1434 1311 marmora
1472 1262 1519 1311 ἃ
1555 1262 1733 1331 signum

869 1357 962 1407 sibi
1012 1363 1101 1407 emi
1141 1372 1299 1426 rogat.

363 1445 454 1539 Α
478 1490 808 1533 nvsncum
836 1479 1053 1532 monitu
1083 1478 1368 1532 reficienda
1400 1480 1474 1533 est
1504 1479 1639 1536 mihi
1672 1484 1806 1537 aedes

362 1554 572 1607 Cereris
610 1555 669 1606 in
705 1553 919 1622 praediis
959 1554 1021 1604 in
1054 1554 1274 1618 melius,
1313 1554 1370 1605 in
1406 1554 1594 1621 majus.
1634 1558 1809 1610 Vetus

361 1626 485 1681 sane
524 1630 578 1680 ὅτ.
614 1627 825 1697 angusta
858 1666 874 1690 ‚
924 1643 1091 1695 quum
1139 1627 1211 1679 sit
1250 1627 1494 1697 alioquin
1546 1628 1680 1682 stato
1722 1630 1808 1683 die

359 1702 808 1771 frequentissima.
862 1702 1002 1752 Nam
1043 1701 1218 1753 Idibus
1261 1701 1657 1770 Septembribus
1695 1721 1809 1756 ma·

360 1792 495 1844 gnus
534 1793 565 1827 e
602 1777 821 1844 regione
870 1788 984 1826 tota
1026 1774 1137 1826 coit
1183 1777 1416 1843 popuius
1451 1795 1469 1836 ·,
1506 1778 1687 1829 multae
1725 1795 1809 1830 res

360 1865 588 1918 aguntur
619 1887 635 1912 ‚
678 1850 844 1901 multa
877 1864 1012 1900 vota
1049 1848 1403 1917 suscipiuntur
1430 1890 1446 1914 ,
1489 1853 1658 1904 multa
1691 1854 1812 1904 red-

362 1924 597 1974 duntur:
643 1923 732 1974 sed
761 1924 965 1974 nullum
1002 1921 1059 1973 in
1097 1923 1354 1989 proximo
1389 1921 1681 1993 suffugium
1720 1941 1811 1978 aut

361 1994 550 2048 imbris
592 2010 681 2047 aut
727 1996 874 2049 solis.
916 1996 1131 2047 Videor·
1166 2013 1300 2066 ergo
1337 1996 1595 2051 munifice
1649 1999 1815 2051 simut

362 2067 717 2138 religioseque
741 2069 969 2122 fastui-us
996 2109 1011 2132 ,
1051 2068 1099 2121 si
1134 2071 1301 2121 aedem
1336 2070 1494 2137 quem
1514 2072 1811 2138 pulcherri-

363 2158 508 2193 mam
548 2142 859 2195 exstruxero
880 2183 895 2206 ‚
935 2141 1183 2195 addidero
1216 2143 1459 2211 porticus
1489 2144 1630 2204 aedi·‚
1668 2143 1813 2197 illam

364 2216 430 2266 ad
469 2216 621 2267 usum
669 2218 779 2268 deae
801 2255 816 2280 ‚
858 2218 951 2268 has
987 2217 1051 2267 ad
1088 2216 1393 2268 hominum.
1452 2217 1639 2269 Velim
1683 2235 1809 2288 ergo

365 2299 526 2341 emas·
550 2304 778 2357 quatuor
813 2306 1136 2342 marmoreas
1176 2293 1452 2342 columnas
1473 2330 1490 2354 ,
1531 2291 1685 2350 cuius
1718 2292 1813 2344 tibi

361 2361 632 2414 videbitur
667 2363 914 2431 generi-33
950 2380 1096 2415 emas
1134 2380 1398 2432 marmora
1430 2403 1445 2426 ,
1482 2363 1680 2432 quibus
1729 2366 1814 2417 so-

363 2436 510 2498 lum,
548 2436 737 2504 quibus
771 2436 1000 2504 parietes
1028 2439 1361 2490 excolantur.
1404 2437 1517 2489 Erit
1536 2437 1706 2490 etiam
1727 2439 1822 2492 vel

363 2509 662 2561 faciendum
715 2514 804 2562 vel
845 2512 1128 2562 emendum
1177 2510 1347 2579 ipsius
1388 2513 1499 2563 deae
1548 2510 1767 2582 signum
1795 2530 1817 2571 ·,

366 2583 493 2651 quia
523 2583 799 2652 antiquum
835 2583 967 2635 illud
997 2602 1026 2636 e
1054 2584 1205 2653 ligno
1239 2585 1546 2654 quibusdam
1580 2585 1666 2637 sui
1699 2603 1818 2653 par-

365 2657 508 2709 tibus
547 2656 802 2709 vetustate
826 2671 1129 2709 truncatum
1162 2658 1253 2711 est.
1292 2660 1570 2724 Quantum
1607 2661 1678 2711 ad
1701 2675 1822 2727 por-

364 2730 502 2783 ticus
528 2769 543 2794 ‚
603 2731 740 2782 nihil
788 2730 1006 2781 interim
1060 2731 1291 2783 occurrit
1322 2771 1337 2794 ,
1383 2733 1528 2799 quod
1568 2732 1819 2785 videatur

371 2803 523 2855 istinc
552 2802 654 2856 ess'e
696 2805 1078 2870 repetendum;
1118 2803 1225 2856 nisi
1266 2819 1444 2856 tamen
1484 2818 1545 2855 ut
1586 2804 1821 2857 formam

368 2877 651 2929 secundam
698 2875 962 2928 rationem
1013 2877 1122 2929 loci
1165 2877 1355 2929 scribas
1394 2896 1407 2930 ε
1451 2894 1627 2945 neque
1674 2876 1823 2930 enim

368 2949 582 3022 pofl‘unt
620 2949 935 3005 circumdari
970 2952 1215 3020 templo;
1251 2968 1375 3004 nam
1408 2951 1585 3005 solum
1627 2948 1828 3018 templi
