<?xml version="1.0" encoding="UTF-8"?>
<!DOCTYPE html PUBLIC "-//W3C//DTD XHTML 1.0 Transitional//EN"
    "http://www.w3.org/TR/xhtml1/DTD/xhtml1-transitional.dtd">
<html xmlns="http://www.w3.org/1999/xhtml" xml:lang="en" lang="en">
 <head>
  <title>
</title>
<meta http-equiv="Content-Type" content="text/html;charset=utf-8" />
  <meta name='ocr-system' content='tesseract 3.04.00' />
  <meta name='ocr-capabilities' content='ocr_page ocr_carea ocr_par ocr_line ocrx_word'/>
</head>
<body>
  <div class='ocr_page' id='page_1' title='image "./panegyricus00lallgoog_0285.png"; bbox 0 0 1951 3720; ppageno 0'>
   <div class='ocr_carea' id='block_1_1' title="bbox 291 288 1533 390">
    <p class='ocr_par' dir='ltr' id='par_1_1' title="bbox 291 288 1533 390">
     <span class='ocr_line' id='line_1_1' title="bbox 291 288 1533 390; baseline 0.002 -28"><span class='ocrx_word' id='word_1_1' title='bbox 291 294 858 368; x_wconf 59' lang='lat' dir='ltr'><strong>EPISJOLAE.</strong></span> <span class='ocrx_word' id='word_1_2' title='bbox 892 288 1039 365; x_wconf 86' lang='lat' dir='ltr'><strong>Lib.</strong></span> <span class='ocrx_word' id='word_1_3' title='bbox 1068 291 1288 364; x_wconf 88' lang='lat' dir='ltr'><strong>VIII.</strong></span> <span class='ocrx_word' id='word_1_4' title='bbox 1394 310 1533 390; x_wconf 79' lang='lat'><strong>257</strong></span> 
     </span>
    </p>
   </div>
   <div class='ocr_carea' id='block_1_2' title="bbox 126 411 1545 993">
    <p class='ocr_par' dir='ltr' id='par_1_2' title="bbox 126 411 1545 993">
     <span class='ocr_line' id='line_1_2' title="bbox 126 411 1540 481; baseline 0.001 -16"><span class='ocrx_word' id='word_1_5' title='bbox 126 431 183 466; x_wconf 77' lang='lat' dir='ltr'><strong>m</strong></span> <span class='ocrx_word' id='word_1_6' title='bbox 202 415 319 467; x_wconf 73' lang='lat' dir='ltr'><strong>odie.</strong></span> <span class='ocrx_word' id='word_1_7' title='bbox 353 413 564 481; x_wconf 68' lang='lat' dir='ltr'><strong>Quaeris</strong></span> <span class='ocrx_word' id='word_1_8' title='bbox 579 411 789 475; x_wconf 67' lang='lat' dir='ltr'><strong>fortaffe</strong></span> <span class='ocrx_word' id='word_1_9' title='bbox 804 451 820 476; x_wconf 89' lang='lat'>,</span> <span class='ocrx_word' id='word_1_10' title='bbox 833 428 947 481; x_wconf 85' lang='lat' dir='ltr'><strong>quo</strong></span> <span class='ocrx_word' id='word_1_11' title='bbox 966 414 1396 468; x_wconf 76' lang='lat' dir='ltr'><strong>commotushaec</strong></span> <span class='ocrx_word' id='word_1_12' title='bbox 1416 414 1540 467; x_wconf 84' lang='lat' dir='ltr'><strong>scri-</strong></span> 
     </span>
     <span class='ocr_line' id='line_1_3' title="bbox 126 485 1542 557; baseline 0.001 -17"><span class='ocrx_word' id='word_1_13' title='bbox 126 489 214 540; x_wconf 83' lang='lat' dir='ltr'><strong>bam</strong></span> <span class='ocrx_word' id='word_1_14' title='bbox 235 490 255 541; x_wconf 83' lang='lat'>?</span> <span class='ocrx_word' id='word_1_15' title='bbox 286 489 472 555; x_wconf 78' lang='lat' dir='ltr'><strong>Nuper</strong></span> <span class='ocrx_word' id='word_1_16' title='bbox 484 487 762 556; x_wconf 81' lang='lat' dir='ltr'><strong>quidam...</strong></span> <span class='ocrx_word' id='word_1_17' title='bbox 785 488 888 539; x_wconf 87' lang='lat' dir='ltr'><strong>Sed</strong></span> <span class='ocrx_word' id='word_1_18' title='bbox 908 486 1102 541; x_wconf 69' lang='lat' dir='ltr'><strong>melius</strong></span> <span class='ocrx_word' id='word_1_19' title='bbox 1117 485 1300 540; x_wconf 74' lang='lat' dir='ltr'><strong>coram</strong></span> <span class='ocrx_word' id='word_1_20' title='bbox 1315 527 1331 551; x_wconf 86' lang='lat'>‚</span> <span class='ocrx_word' id='word_1_21' title='bbox 1351 505 1542 557; x_wconf 82' lang='lat' dir='ltr'><strong>quarn-</strong></span> 
     </span>
     <span class='ocr_line' id='line_1_4' title="bbox 127 559 1544 630; baseline 0.001 -17"><span class='ocrx_word' id='word_1_22' title='bbox 127 578 256 629; x_wconf 83' lang='lat' dir='ltr'><strong>quam</strong></span> <span class='ocrx_word' id='word_1_23' title='bbox 278 578 343 614; x_wconf 91' lang='lat' dir='ltr'><strong>ne</strong></span> <span class='ocrx_word' id='word_1_24' title='bbox 376 576 502 612; x_wconf 89' lang='lat' dir='ltr'><strong>tunc</strong></span> <span class='ocrx_word' id='word_1_25' title='bbox 522 559 756 629; x_wconf 87' lang='lat' dir='ltr'><strong>quidem.</strong></span> <span class='ocrx_word' id='word_1_26' title='bbox 775 561 990 615; x_wconf 82' lang='lat' dir='ltr'>Vereor</span> <span class='ocrx_word' id='word_1_27' title='bbox 1007 561 1151 614; x_wconf 85' lang='lat' dir='ltr'><strong>enim</strong></span> <span class='ocrx_word' id='word_1_28' title='bbox 1164 600 1179 625; x_wconf 85' lang='lat'>,</span> <span class='ocrx_word' id='word_1_29' title='bbox 1203 577 1270 612; x_wconf 87' lang='lat' dir='ltr'><strong>ne</strong></span> <span class='ocrx_word' id='word_1_30' title='bbox 1290 560 1345 612; x_wconf 90' lang='lat' dir='ltr'><strong>id</strong></span> <span class='ocrx_word' id='word_1_31' title='bbox 1357 601 1374 625; x_wconf 87' lang='lat'><strong>‚</strong></span> <span class='ocrx_word' id='word_1_32' title='bbox 1393 563 1544 630; x_wconf 77' lang='lat' dir='ltr'><strong>quod</strong></span> 
     </span>
     <span class='ocr_line' id='line_1_5' title="bbox 126 630 1544 703; baseline 0.001 -17"><span class='ocrx_word' id='word_1_33' title='bbox 126 632 344 703; x_wconf 87' lang='lat' dir='ltr'><strong>improbo</strong></span> <span class='ocrx_word' id='word_1_34' title='bbox 374 651 470 687; x_wconf 88' lang='lat' dir='ltr'><strong>eos</strong></span> <span class='ocrx_word' id='word_1_35' title='bbox 505 633 691 691; x_wconf 66' lang='lat' dir='ltr'><strong>restari</strong></span> <span class='ocrx_word' id='word_1_36' title='bbox 710 673 727 697; x_wconf 90' lang='lat'><strong>‚</strong></span> <span class='ocrx_word' id='word_1_37' title='bbox 745 650 1011 702; x_wconf 63' lang='lat' dir='ltr'><strong>carpere,</strong></span> <span class='ocrx_word' id='word_1_38' title='bbox 1045 630 1169 687; x_wconf 72' lang='lat' dir='ltr'><strong>fere.</strong></span> <span class='ocrx_word' id='word_1_39' title='bbox 1190 633 1315 687; x_wconf 82' lang='lat' dir='ltr'><strong>huic</strong></span> <span class='ocrx_word' id='word_1_40' title='bbox 1340 673 1356 697; x_wconf 85' lang='lat'><strong>,</strong></span> <span class='ocrx_word' id='word_1_41' title='bbox 1392 636 1544 703; x_wconf 80' lang='lat' dir='ltr'><strong>quod</strong></span> 
     </span>
     <span class='ocr_line' id='line_1_6' title="bbox 127 704 1545 777; baseline 0.002 -19"><span class='ocrx_word' id='word_1_42' title='bbox 127 722 264 775; x_wconf 80' lang='lat' dir='ltr'><strong>quum</strong></span> <span class='ocrx_word' id='word_1_43' title='bbox 285 704 521 759; x_wconf 73' lang='lat' dir='ltr'><strong>maxime</strong></span> <span class='ocrx_word' id='word_1_44' title='bbox 553 707 892 776; x_wconf 69' lang='lat' dir='ltr'><strong>praecipimus</strong></span> <span class='ocrx_word' id='word_1_45' title='bbox 913 746 931 771; x_wconf 85' lang='lat'>,</span> <span class='ocrx_word' id='word_1_46' title='bbox 961 721 1237 777; x_wconf 73' lang='lat' dir='ltr'><strong>repugnet.</strong></span> <span class='ocrx_word' id='word_1_47' title='bbox 1278 706 1545 776; x_wconf 75' lang='lat' dir='ltr'><strong>Quisquis</strong></span> 
     </span>
     <span class='ocr_line' id='line_1_7' title="bbox 126 778 1544 850; baseline 0.002 -20"><span class='ocrx_word' id='word_1_48' title='bbox 126 778 193 832; x_wconf 87' lang='lat' dir='ltr'><strong>ille</strong></span> <span class='ocrx_word' id='word_1_49' title='bbox 211 818 230 844; x_wconf 80' lang='lat'>,</span> <span class='ocrx_word' id='word_1_50' title='bbox 265 780 660 849; x_wconf 82' lang='lat' dir='ltr'><strong>qualiscumque</strong></span> <span class='ocrx_word' id='word_1_51' title='bbox 681 818 698 844; x_wconf 83' lang='lat'>‚</span> <span class='ocrx_word' id='word_1_52' title='bbox 741 780 956 833; x_wconf 79' lang='lat' dir='ltr'>sileatur</span> <span class='ocrx_word' id='word_1_53' title='bbox 979 799 998 840; x_wconf 88' lang='lat'><strong>·,</strong></span> <span class='ocrx_word' id='word_1_54' title='bbox 1029 797 1197 850; x_wconf 76' lang='lat' dir='ltr'><strong>quern</strong></span> <span class='ocrx_word' id='word_1_55' title='bbox 1241 779 1503 850; x_wconf 84' lang='lat' dir='ltr'><strong>insignire</strong></span> <span class='ocrx_word' id='word_1_56' title='bbox 1524 818 1544 845; x_wconf 82' lang='lat'>‚</span> 
     </span>
     <span class='ocr_line' id='line_1_8' title="bbox 127 852 1545 925; baseline 0.001 -21"><span class='ocrx_word' id='word_1_57' title='bbox 127 854 333 921; x_wconf 84' lang='lat' dir='ltr'><strong>exempli</strong></span> <span class='ocrx_word' id='word_1_58' title='bbox 378 852 667 916; x_wconf 86' lang='lat' dir='ltr'><strong>nonnihil,</strong></span> <span class='ocrx_word' id='word_1_59' title='bbox 713 869 827 905; x_wconf 84' lang='lat' dir='ltr'><strong>non</strong></span> <span class='ocrx_word' id='word_1_60' title='bbox 863 852 1127 925; x_wconf 85' lang='lat' dir='ltr'><strong>insignire</strong></span> <span class='ocrx_word' id='word_1_61' title='bbox 1144 894 1160 918; x_wconf 86' lang='lat'><strong>,</strong></span> <span class='ocrx_word' id='word_1_62' title='bbox 1196 853 1545 909; x_wconf 78' lang='lat' dir='ltr'><strong>humanitatis</strong></span> 
     </span>
     <span class='ocr_line' id='line_1_9' title="bbox 126 925 806 993; baseline 0.001 -15"><span class='ocrx_word' id='word_1_63' title='bbox 126 926 389 993; x_wconf 75' lang='lat' dir='ltr'><strong>plurimum</strong></span> <span class='ocrx_word' id='word_1_64' title='bbox 425 925 604 981; x_wconf 81' lang='lat' dir='ltr'><strong>refert.</strong></span> <span class='ocrx_word' id='word_1_65' title='bbox 649 927 806 981; x_wconf 82' lang='lat' dir='ltr'><strong>Vale.</strong></span> 
     </span>
    </p>
   </div>
   <div class='ocr_carea' id='block_1_3' title="bbox 158 1046 1497 1313">
    <p class='ocr_par' dir='ltr' id='par_1_3' title="bbox 158 1046 1497 1313">
     <span class='ocr_line' id='line_1_10' title="bbox 158 1046 1497 1105; baseline 0.003 -6"><span class='ocrx_word' id='word_1_66' title='bbox 158 1047 394 1100; x_wconf 82' lang='lat' dir='ltr'><strong>xxnl.</strong></span> <span class='ocrx_word' id='word_1_67' title='bbox 434 1046 641 1100; x_wconf 63' lang='lat' dir='ltr'><strong>Pin«.</strong></span> <span class='ocrx_word' id='word_1_68' title='bbox 680 1048 1210 1101; x_wconf 69' lang='lat' dir='ltr'><strong>MAncnrrn-ro</strong></span> <span class='ocrx_word' id='word_1_69' title='bbox 1254 1061 1398 1102; x_wconf 83' lang='lat' dir='ltr'><strong>suo</strong></span> <span class='ocrx_word' id='word_1_70' title='bbox 1439 1048 1497 1105; x_wconf 87' lang='lat' dir='ltr'><strong>S.</strong></span> 
     </span>
     <span class='ocr_line' id='line_1_11' title="bbox 177 1145 1475 1215; baseline -0.002 -18"><span class='ocrx_word' id='word_1_71' title='bbox 177 1147 413 1197; x_wconf 82' lang='lat' dir='ltr'><em>Dolorem</em></span> <span class='ocrx_word' id='word_1_72' title='bbox 448 1146 687 1215; x_wconf 58' lang='lat' dir='ltr'><strong>siguificat</strong></span> <span class='ocrx_word' id='word_1_73' title='bbox 711 1184 726 1208; x_wconf 90' lang='lat'>‚</span> <span class='ocrx_word' id='word_1_74' title='bbox 767 1164 897 1213; x_wconf 77' lang='lat' dir='ltr'><strong>quem</strong></span> <span class='ocrx_word' id='word_1_75' title='bbox 932 1147 1062 1215; x_wconf 79' lang='lat' dir='ltr'><strong>cepit</strong></span> <span class='ocrx_word' id='word_1_76' title='bbox 1085 1164 1144 1196; x_wconf 80' lang='lat' dir='ltr'><strong>ex</strong></span> <span class='ocrx_word' id='word_1_77' title='bbox 1171 1162 1320 1197; x_wconf 81' lang='lat' dir='ltr'><strong>morte</strong></span> <span class='ocrx_word' id='word_1_78' title='bbox 1341 1145 1475 1198; x_wconf 72' lang='lat' dir='ltr'><strong>Iunii</strong></span> 
     </span>
     <span class='ocr_line' id='line_1_12' title="bbox 277 1242 1360 1313; baseline 0.001 -20"><span class='ocrx_word' id='word_1_79' title='bbox 277 1242 423 1295; x_wconf 72' lang='lat' dir='ltr'><strong>Aviti</strong></span> <span class='ocrx_word' id='word_1_80' title='bbox 444 1275 459 1302; x_wconf 92' lang='lat'>,</span> <span class='ocrx_word' id='word_1_81' title='bbox 487 1244 615 1310; x_wconf 72' lang='lat' dir='ltr'><strong>cujus</strong></span> <span class='ocrx_word' id='word_1_82' title='bbox 642 1260 790 1294; x_wconf 74' lang='lat' dir='ltr'><strong>mores</strong></span> <span class='ocrx_word' id='word_1_83' title='bbox 826 1243 872 1292; x_wconf 78' lang='lat'><strong>6·</strong></span> <span class='ocrx_word' id='word_1_84' title='bbox 902 1243 1140 1313; x_wconf 67' lang='lat' dir='ltr'><strong>Ingenium</strong></span> <span class='ocrx_word' id='word_1_85' title='bbox 1171 1244 1360 1298; x_wconf 72' lang='lat' dir='ltr'><strong>laudat.</strong></span> 
     </span>
    </p>
   </div>
   <div class='ocr_carea' id='block_1_4' title="bbox 118 1329 1558 2969">
    <p class='ocr_par' dir='ltr' id='par_1_4' title="bbox 118 1329 1558 2969">
     <span class='ocr_line' id='line_1_13' title="bbox 129 1329 1550 1433; baseline 0.002 -15"><span class='ocrx_word' id='word_1_86' title='bbox 129 1329 202 1425; x_wconf 82' lang='lat' dir='ltr'>O</span> <span class='ocrx_word' id='word_1_87' title='bbox 224 1380 330 1418; x_wconf 74' lang='lat' dir='ltr'><strong>MN</strong></span> <span class='ocrx_word' id='word_1_88' title='bbox 347 1381 371 1418; x_wconf 92' lang='lat'>1</span> <span class='ocrx_word' id='word_1_89' title='bbox 389 1380 454 1419; x_wconf 32' lang='lat' dir='ltr'><strong>A.</strong></span> <span class='ocrx_word' id='word_1_90' title='bbox 482 1364 616 1418; x_wconf 85' lang='lat' dir='ltr'><strong>mihi</strong></span> <span class='ocrx_word' id='word_1_91' title='bbox 653 1365 816 1419; x_wconf 85' lang='lat' dir='ltr'><strong>studia</strong></span> <span class='ocrx_word' id='word_1_92' title='bbox 837 1406 854 1430; x_wconf 81' lang='lat'>,</span> <span class='ocrx_word' id='word_1_93' title='bbox 903 1381 1093 1419; x_wconf 82' lang='lat' dir='ltr'><strong>omnes</strong></span> <span class='ocrx_word' id='word_1_94' title='bbox 1140 1383 1290 1421; x_wconf 79' lang='lat' dir='ltr'><strong>curas</strong></span> <span class='ocrx_word' id='word_1_95' title='bbox 1310 1407 1328 1433; x_wconf 86' lang='lat'>‚</span> <span class='ocrx_word' id='word_1_96' title='bbox 1365 1365 1550 1421; x_wconf 87' lang='lat' dir='ltr'><strong>omnia</strong></span> 
     </span>
     <span class='ocr_line' id='line_1_14' title="bbox 126 1439 1546 1509; baseline 0.004 -21"><span class='ocrx_word' id='word_1_97' title='bbox 126 1454 454 1492; x_wconf 72' lang='lat' dir='ltr'><strong>avocamenta</strong></span> <span class='ocrx_word' id='word_1_98' title='bbox 498 1440 702 1492; x_wconf 84' lang='lat' dir='ltr'>exemit</span> <span class='ocrx_word' id='word_1_99' title='bbox 724 1479 762 1504; x_wconf 19' lang='lat' dir='ltr'><strong>,A</strong></span> <span class='ocrx_word' id='word_1_100' title='bbox 794 1439 1032 1492; x_wconf 83' lang='lat' dir='ltr'>excussit</span> <span class='ocrx_word' id='word_1_101' title='bbox 1054 1479 1071 1503; x_wconf 81' lang='lat'>,</span> <span class='ocrx_word' id='word_1_102' title='bbox 1106 1440 1306 1509; x_wconf 87' lang='lat' dir='ltr'><strong>eripuit</strong></span> <span class='ocrx_word' id='word_1_103' title='bbox 1345 1443 1503 1497; x_wconf 86' lang='lat' dir='ltr'><strong>dolor</strong></span> <span class='ocrx_word' id='word_1_104' title='bbox 1527 1481 1546 1505; x_wconf 85' lang='lat'>‚</span> 
     </span>
     <span class='ocr_line' id='line_1_15' title="bbox 126 1512 1547 1583; baseline 0.002 -19"><span class='ocrx_word' id='word_1_105' title='bbox 126 1529 264 1580; x_wconf 87' lang='lat' dir='ltr'><strong>quem</strong></span> <span class='ocrx_word' id='word_1_106' title='bbox 297 1530 367 1565; x_wconf 83' lang='lat' dir='ltr'><strong>ex</strong></span> <span class='ocrx_word' id='word_1_107' title='bbox 398 1520 574 1565; x_wconf 89' lang='lat' dir='ltr'><strong>&#39;morte</strong></span> <span class='ocrx_word' id='word_1_108' title='bbox 610 1512 760 1566; x_wconf 86' lang='lat' dir='ltr'><strong>Junii</strong></span> <span class='ocrx_word' id='word_1_109' title='bbox 796 1512 949 1565; x_wconf 85' lang='lat' dir='ltr'><strong>Aviti</strong></span> <span class='ocrx_word' id='word_1_110' title='bbox 991 1512 1365 1581; x_wconf 84' lang='lat' dir='ltr'><strong>gravissimum</strong></span> <span class='ocrx_word' id='word_1_111' title='bbox 1406 1515 1547 1583; x_wconf 88' lang='lat' dir='ltr'><strong>cepi.</strong></span> 
     </span>
     <span class='ocr_line' id='line_1_16' title="bbox 124 1585 1550 1672; baseline 0.003 -36"><span class='ocrx_word' id='word_1_112' title='bbox 124 1585 292 1638; x_wconf 86' lang='lat' dir='ltr'><strong>Latum</strong></span> <span class='ocrx_word' id='word_1_113' title='bbox 322 1588 537 1638; x_wconf 85' lang='lat' dir='ltr'><strong>clavum</strong></span> <span class='ocrx_word' id='word_1_114' title='bbox 562 1586 622 1638; x_wconf 90' lang='lat' dir='ltr'><strong>in</strong></span> <span class='ocrx_word' id='word_1_115' title='bbox 654 1587 819 1672; x_wconf 59' lang='lat' dir='ltr'><strong>dopo</strong></span> <span class='ocrx_word' id='word_1_116' title='bbox 860 1602 977 1637; x_wconf 88' lang='lat' dir='ltr'><strong>mea</strong></span> <span class='ocrx_word' id='word_1_117' title='bbox 1001 1586 1240 1639; x_wconf 88' lang='lat' dir='ltr'><strong>induerat</strong></span> <span class='ocrx_word' id='word_1_118' title='bbox 1261 1606 1276 1646; x_wconf 90' lang='lat'><strong>·,</strong></span> <span class='ocrx_word' id='word_1_119' title='bbox 1298 1585 1550 1656; x_wconf 82' lang='lat' dir='ltr'><strong>suffragio</strong></span> 
     </span>
     <span class='ocr_line' id='line_1_17' title="bbox 122 1658 1551 1726; baseline 0.002 -16"><span class='ocrx_word' id='word_1_120' title='bbox 122 1675 231 1711; x_wconf 86' lang='lat' dir='ltr'><strong>meo</strong></span> <span class='ocrx_word' id='word_1_121' title='bbox 270 1658 477 1724; x_wconf 83' lang='lat' dir='ltr'><strong>adjutus</strong></span> <span class='ocrx_word' id='word_1_122' title='bbox 515 1660 572 1711; x_wconf 89' lang='lat' dir='ltr'><strong>in</strong></span> <span class='ocrx_word' id='word_1_123' title='bbox 619 1658 862 1726; x_wconf 86' lang='lat' dir='ltr'><strong>petendis</strong></span> <span class='ocrx_word' id='word_1_124' title='bbox 908 1659 1203 1712; x_wconf 87' lang='lat' dir='ltr'><strong>honoribus</strong></span> <span class='ocrx_word' id='word_1_125' title='bbox 1239 1660 1446 1719; x_wconf 86' lang='lat' dir='ltr'><strong>fuerat·,</strong></span> <span class='ocrx_word' id='word_1_126' title='bbox 1485 1660 1551 1713; x_wconf 89' lang='lat' dir='ltr'><strong>ad</strong></span> 
     </span>
     <span class='ocr_line' id='line_1_18' title="bbox 122 1731 1556 1802; baseline 0.002 -19"><span class='ocrx_word' id='word_1_127' title='bbox 122 1732 245 1796; x_wconf 87' lang='lat' dir='ltr'><strong>hoc,</strong></span> <span class='ocrx_word' id='word_1_128' title='bbox 281 1733 357 1784; x_wconf 91' lang='lat' dir='ltr'><strong>ita</strong></span> <span class='ocrx_word' id='word_1_129' title='bbox 413 1750 501 1785; x_wconf 87' lang='lat' dir='ltr'><strong>me</strong></span> <span class='ocrx_word' id='word_1_130' title='bbox 542 1733 791 1802; x_wconf 83' lang='lat' dir='ltr'><strong>diligebat</strong></span> <span class='ocrx_word' id='word_1_131' title='bbox 814 1766 834 1796; x_wconf 54' lang='lat' dir='ltr'><strong>f</strong></span> <span class='ocrx_word' id='word_1_132' title='bbox 874 1731 946 1784; x_wconf 83' lang='lat' dir='ltr'><strong>ita</strong></span> <span class='ocrx_word' id='word_1_133' title='bbox 988 1734 1268 1785; x_wconf 84' lang='lat' dir='ltr'><strong>verebatur</strong></span> <span class='ocrx_word' id='word_1_134' title='bbox 1291 1773 1307 1797; x_wconf 86' lang='lat'>,</span> <span class='ocrx_word' id='word_1_135' title='bbox 1349 1747 1410 1784; x_wconf 89' lang='lat' dir='ltr'><strong>ut</strong></span> <span class='ocrx_word' id='word_1_136' title='bbox 1461 1749 1556 1786; x_wconf 83' lang='lat' dir='ltr'><strong>me</strong></span> 
     </span>
     <span class='ocr_line' id='line_1_19' title="bbox 123 1805 1549 1877; baseline 0.002 -20"><span class='ocrx_word' id='word_1_137' title='bbox 123 1806 394 1858; x_wconf 81' lang='lat' dir='ltr'><strong>formatore</strong></span> <span class='ocrx_word' id='word_1_138' title='bbox 433 1823 675 1870; x_wconf 78' lang='lat' dir='ltr'><strong>morum,</strong></span> <span class='ocrx_word' id='word_1_139' title='bbox 720 1823 807 1858; x_wconf 90' lang='lat' dir='ltr'><strong>me</strong></span> <span class='ocrx_word' id='word_1_140' title='bbox 834 1805 985 1875; x_wconf 88' lang='lat' dir='ltr'><strong>quasi</strong></span> <span class='ocrx_word' id='word_1_141' title='bbox 1020 1805 1267 1877; x_wconf 77' lang='lat' dir='ltr'><strong>magistro</strong></span> <span class='ocrx_word' id='word_1_142' title='bbox 1289 1821 1549 1860; x_wconf 81' lang='lat' dir='ltr'><strong>uteretur.</strong></span> 
     </span>
     <span class='ocr_line' id='line_1_20' title="bbox 121 1878 1553 1950; baseline 0.002 -19"><span class='ocrx_word' id='word_1_143' title='bbox 121 1878 302 1933; x_wconf 83' lang='lat' dir='ltr'><strong>Rarum</strong></span> <span class='ocrx_word' id='word_1_144' title='bbox 339 1882 444 1932; x_wconf 89' lang='lat' dir='ltr'><strong>hoc</strong></span> <span class='ocrx_word' id='word_1_145' title='bbox 475 1880 533 1932; x_wconf 90' lang='lat' dir='ltr'><strong>in</strong></span> <span class='ocrx_word' id='word_1_146' title='bbox 555 1880 972 1933; x_wconf 80' lang='lat' dir='ltr'><strong>adolescentibus</strong></span> <span class='ocrx_word' id='word_1_147' title='bbox 1009 1880 1217 1933; x_wconf 84' lang='lat' dir='ltr'><strong>nostris.</strong></span> <span class='ocrx_word' id='word_1_148' title='bbox 1252 1882 1392 1933; x_wconf 87' lang='lat' dir='ltr'><strong>Nam</strong></span> <span class='ocrx_word' id='word_1_149' title='bbox 1409 1898 1553 1950; x_wconf 87' lang='lat' dir='ltr'><strong>quo-</strong></span> 
     </span>
     <span class='ocr_line' id='line_1_21' title="bbox 124 1953 1554 2023; baseline 0.003 -20"><span class='ocrx_word' id='word_1_150' title='bbox 124 1954 412 2023; x_wconf 79' lang='lat' dir='ltr'><strong>tusquisque</strong></span> <span class='ocrx_word' id='word_1_151' title='bbox 434 1956 527 2006; x_wconf 86' lang='lat' dir='ltr'><strong>vel</strong></span> <span class='ocrx_word' id='word_1_152' title='bbox 546 1954 692 2006; x_wconf 69' lang='lat' dir='ltr'><strong>aetati</strong></span> <span class='ocrx_word' id='word_1_153' title='bbox 719 1954 933 2006; x_wconf 81' lang='lat' dir='ltr'><strong>alterius</strong></span> <span class='ocrx_word' id='word_1_154' title='bbox 954 1993 969 2018; x_wconf 95' lang='lat'><strong>‚</strong></span> <span class='ocrx_word' id='word_1_155' title='bbox 1006 1956 1097 2007; x_wconf 84' lang='lat' dir='ltr'><strong>vel</strong></span> <span class='ocrx_word' id='word_1_156' title='bbox 1132 1953 1465 2019; x_wconf 60' lang='lat' dir='ltr'><strong>austeritati,</strong></span> <span class='ocrx_word' id='word_1_157' title='bbox 1492 1968 1554 2008; x_wconf 91' lang='lat' dir='ltr'><strong>ut</strong></span> 
     </span>
     <span class='ocr_line' id='line_1_22' title="bbox 124 2026 1553 2095; baseline 0.002 -18"><span class='ocrx_word' id='word_1_158' title='bbox 124 2026 286 2078; x_wconf 86' lang='lat' dir='ltr'><strong>minor</strong></span> <span class='ocrx_word' id='word_1_159' title='bbox 316 2066 332 2092; x_wconf 86' lang='lat'>,</span> <span class='ocrx_word' id='word_1_160' title='bbox 387 2026 529 2080; x_wconf 87' lang='lat' dir='ltr'><strong>cedit</strong></span> <span class='ocrx_word' id='word_1_161' title='bbox 565 2030 586 2088; x_wconf 67' lang='grc' dir='ltr'>ξ</span> <span class='ocrx_word' id='word_1_162' title='bbox 640 2027 829 2079; x_wconf 84' lang='lat' dir='ltr'><strong>Statim</strong></span> <span class='ocrx_word' id='word_1_163' title='bbox 864 2026 1074 2095; x_wconf 87' lang='lat' dir='ltr'><strong>sapiunt</strong></span> <span class='ocrx_word' id='word_1_164' title='bbox 1109 2066 1125 2091; x_wconf 85' lang='lat'>‚</span> <span class='ocrx_word' id='word_1_165' title='bbox 1167 2027 1340 2080; x_wconf 86' lang='lat' dir='ltr'><strong>statim</strong></span> <span class='ocrx_word' id='word_1_166' title='bbox 1377 2028 1553 2080; x_wconf 89' lang='lat' dir='ltr'><strong>sciunt</strong></span> 
     </span>
     <span class='ocr_line' id='line_1_23' title="bbox 123 2099 1551 2165; baseline 0.003 -16"><span class='ocrx_word' id='word_1_167' title='bbox 123 2099 290 2152; x_wconf 87' lang='lat' dir='ltr'><strong>omnia</strong></span> <span class='ocrx_word' id='word_1_168' title='bbox 309 2120 325 2152; x_wconf 76' lang='lat' dir='ltr'><strong><em>z</em></strong></span> <span class='ocrx_word' id='word_1_169' title='bbox 349 2099 622 2153; x_wconf 87' lang='lat' dir='ltr'><strong>neminem</strong></span> <span class='ocrx_word' id='word_1_170' title='bbox 643 2115 926 2165; x_wconf 84' lang='lat' dir='ltr'><strong>verentur,</strong></span> <span class='ocrx_word' id='word_1_171' title='bbox 949 2100 1225 2153; x_wconf 83' lang='lat' dir='ltr'><strong>imitantur</strong></span> <span class='ocrx_word' id='word_1_172' title='bbox 1245 2101 1518 2154; x_wconf 88' lang='lat' dir='ltr'><strong>neminem</strong></span> <span class='ocrx_word' id='word_1_173' title='bbox 1533 2131 1551 2164; x_wconf 81' lang='lat'><strong>,-</strong></span> 
     </span>
     <span class='ocr_line' id='line_1_24' title="bbox 123 2172 1552 2242; baseline 0.005 -21"><span class='ocrx_word' id='word_1_174' title='bbox 123 2186 264 2240; x_wconf 87' lang='lat' dir='ltr'><strong>atque</strong></span> <span class='ocrx_word' id='word_1_175' title='bbox 302 2172 411 2242; x_wconf 87' lang='lat' dir='ltr'><strong>ipsi</strong></span> <span class='ocrx_word' id='word_1_176' title='bbox 448 2174 552 2227; x_wconf 85' lang='lat' dir='ltr'><strong>sibi</strong></span> <span class='ocrx_word' id='word_1_177' title='bbox 580 2176 827 2242; x_wconf 78' lang='lat' dir='ltr'><strong>exempla</strong></span> <span class='ocrx_word' id='word_1_178' title='bbox 849 2174 986 2227; x_wconf 91' lang='lat' dir='ltr'><strong>sunt.</strong></span> <span class='ocrx_word' id='word_1_179' title='bbox 1030 2176 1135 2227; x_wconf 88' lang='lat' dir='ltr'><strong>Sed</strong></span> <span class='ocrx_word' id='word_1_180' title='bbox 1167 2191 1281 2226; x_wconf 90' lang='lat' dir='ltr'><strong>non</strong></span> <span class='ocrx_word' id='word_1_181' title='bbox 1312 2174 1504 2228; x_wconf 78' lang='lat' dir='ltr'><strong>Avitus</strong></span> <span class='ocrx_word' id='word_1_182' title='bbox 1530 2193 1552 2234; x_wconf 85' lang='lat'><strong>·‚</strong></span> 
     </span>
     <span class='ocr_line' id='line_1_25' title="bbox 123 2242 1551 2316; baseline 0.003 -21"><span class='ocrx_word' id='word_1_183' title='bbox 123 2242 257 2310; x_wconf 82' lang='lat' dir='ltr'><strong>cujus</strong></span> <span class='ocrx_word' id='word_1_184' title='bbox 291 2247 406 2300; x_wconf 84' lang='lat' dir='ltr'><strong>haec</strong></span> <span class='ocrx_word' id='word_1_185' title='bbox 432 2246 697 2316; x_wconf 79' lang='lat' dir='ltr'><strong>praecipua</strong></span> <span class='ocrx_word' id='word_1_186' title='bbox 734 2246 1012 2315; x_wconf 86' lang='lat' dir='ltr'><strong>prudentia</strong></span> <span class='ocrx_word' id='word_1_187' title='bbox 1033 2286 1047 2309; x_wconf 87' lang='lat'>‚</span> <span class='ocrx_word' id='word_1_188' title='bbox 1089 2245 1232 2316; x_wconf 73' lang='lat' dir='ltr'><strong>quod</strong></span> <span class='ocrx_word' id='word_1_189' title='bbox 1254 2248 1389 2299; x_wconf 88' lang='lat' dir='ltr'><strong>alios</strong></span> <span class='ocrx_word' id='word_1_190' title='bbox 1424 2264 1551 2315; x_wconf 90' lang='lat' dir='ltr'><strong>pru-</strong></span> 
     </span>
     <span class='ocr_line' id='line_1_26' title="bbox 122 2318 1553 2389; baseline 0.003 -20"><span class='ocrx_word' id='word_1_191' title='bbox 122 2318 378 2372; x_wconf 82' lang='lat' dir='ltr'><strong>dentiores</strong></span> <span class='ocrx_word' id='word_1_192' title='bbox 422 2320 804 2382; x_wconf 79' lang='lat' dir='ltr'><strong>arbitrabatur3</strong></span> <span class='ocrx_word' id='word_1_193' title='bbox 841 2321 954 2372; x_wconf 83' lang='lat' dir='ltr'><strong>haec</strong></span> <span class='ocrx_word' id='word_1_194' title='bbox 984 2320 1248 2389; x_wconf 82' lang='lat' dir='ltr'><strong>praecipua</strong></span> <span class='ocrx_word' id='word_1_195' title='bbox 1279 2320 1510 2373; x_wconf 85' lang='lat' dir='ltr'><strong>eruditio</strong></span> <span class='ocrx_word' id='word_1_196' title='bbox 1535 2361 1553 2387; x_wconf 85' lang='lat'>‚</span> 
     </span>
     <span class='ocr_line' id='line_1_27' title="bbox 124 2388 1551 2461; baseline 0.002 -18"><span class='ocrx_word' id='word_1_197' title='bbox 124 2388 255 2459; x_wconf 77' lang='lat' dir='ltr'><strong>quod</strong></span> <span class='ocrx_word' id='word_1_198' title='bbox 291 2393 491 2446; x_wconf 81' lang='lat' dir='ltr'><strong>discere</strong></span> <span class='ocrx_word' id='word_1_199' title='bbox 526 2395 761 2446; x_wconf 82' lang='lat' dir='ltr'><strong>volebat.</strong></span> <span class='ocrx_word' id='word_1_200' title='bbox 800 2395 1022 2461; x_wconf 88' lang='lat' dir='ltr'><strong>Semper</strong></span> <span class='ocrx_word' id='word_1_201' title='bbox 1050 2393 1142 2447; x_wconf 88' lang='lat' dir='ltr'><strong>ille</strong></span> <span class='ocrx_word' id='word_1_202' title='bbox 1165 2408 1254 2444; x_wconf 89' lang='lat' dir='ltr'><strong>aut</strong></span> <span class='ocrx_word' id='word_1_203' title='bbox 1272 2395 1335 2446; x_wconf 91' lang='lat' dir='ltr'><strong>de</strong></span> <span class='ocrx_word' id='word_1_204' title='bbox 1365 2392 1551 2446; x_wconf 81' lang='lat' dir='ltr'><strong>studiis</strong></span> 
     </span>
     <span class='ocr_line' id='line_1_28' title="bbox 120 2464 1552 2535; baseline 0.003 -20"><span class='ocrx_word' id='word_1_205' title='bbox 120 2464 311 2533; x_wconf 85' lang='lat' dir='ltr'><strong>aliquid</strong></span> <span class='ocrx_word' id='word_1_206' title='bbox 335 2506 350 2531; x_wconf 95' lang='lat'>,</span> <span class='ocrx_word' id='word_1_207' title='bbox 390 2481 482 2520; x_wconf 89' lang='lat' dir='ltr'><strong>aut</strong></span> <span class='ocrx_word' id='word_1_208' title='bbox 511 2466 575 2518; x_wconf 89' lang='lat' dir='ltr'><strong>de</strong></span> <span class='ocrx_word' id='word_1_209' title='bbox 595 2467 783 2519; x_wconf 84' lang='lat' dir='ltr'><strong>officiis</strong></span> <span class='ocrx_word' id='word_1_210' title='bbox 811 2467 939 2520; x_wconf 80' lang='lat' dir='ltr'><strong>vitae</strong></span> <span class='ocrx_word' id='word_1_211' title='bbox 978 2467 1317 2519; x_wconf 80' lang='lat' dir='ltr'><strong>consulebat:</strong></span> <span class='ocrx_word' id='word_1_212' title='bbox 1344 2467 1552 2535; x_wconf 89' lang='lat' dir='ltr'><strong>semper</strong></span> 
     </span>
     <span class='ocr_line' id='line_1_29' title="bbox 120 2536 1552 2604; baseline 0.003 -16"><span class='ocrx_word' id='word_1_213' title='bbox 120 2536 189 2588; x_wconf 89' lang='lat' dir='ltr'><strong>ita</strong></span> <span class='ocrx_word' id='word_1_214' title='bbox 226 2541 535 2604; x_wconf 86' lang='lat' dir='ltr'><strong>recedebat,</strong></span> <span class='ocrx_word' id='word_1_215' title='bbox 580 2554 640 2591; x_wconf 90' lang='lat' dir='ltr'><strong>ut</strong></span> <span class='ocrx_word' id='word_1_216' title='bbox 673 2540 865 2592; x_wconf 90' lang='lat' dir='ltr'><strong>melior</strong></span> <span class='ocrx_word' id='word_1_217' title='bbox 904 2539 1107 2598; x_wconf 76' lang='lat' dir='ltr'><strong>faCtus3</strong></span> <span class='ocrx_word' id='word_1_218' title='bbox 1142 2540 1195 2592; x_wconf 72' lang='grc' dir='ltr'><strong>δι</strong></span> <span class='ocrx_word' id='word_1_219' title='bbox 1232 2555 1343 2591; x_wconf 88' lang='lat' dir='ltr'><strong>erat</strong></span> <span class='ocrx_word' id='word_1_220' title='bbox 1384 2539 1552 2593; x_wconf 65' lang='lat' dir='ltr'><strong>faaus</strong></span> 
     </span>
     <span class='ocr_line' id='line_1_30' title="bbox 121 2610 1551 2681; baseline 0.002 -21"><span class='ocrx_word' id='word_1_221' title='bbox 121 2611 203 2662; x_wconf 79' lang='lat' dir='ltr'><strong>vel</strong></span> <span class='ocrx_word' id='word_1_222' title='bbox 244 2610 311 2665; x_wconf 77' lang='grc' dir='ltr'>εὸ</span> <span class='ocrx_word' id='word_1_223' title='bbox 346 2611 497 2681; x_wconf 76' lang='lat' dir='ltr'><strong>quod</strong></span> <span class='ocrx_word' id='word_1_224' title='bbox 536 2613 769 2667; x_wconf 86' lang='lat' dir='ltr'><strong>audierat</strong></span> <span class='ocrx_word' id='word_1_225' title='bbox 792 2652 808 2677; x_wconf 85' lang='lat'>‚</span> <span class='ocrx_word' id='word_1_226' title='bbox 848 2615 938 2666; x_wconf 85' lang='lat' dir='ltr'><strong>vel</strong></span> <span class='ocrx_word' id='word_1_227' title='bbox 975 2611 1119 2681; x_wconf 77' lang='lat' dir='ltr'><strong>quod</strong></span> <span class='ocrx_word' id='word_1_228' title='bbox 1150 2612 1368 2665; x_wconf 86' lang='lat' dir='ltr'><strong>omnino</strong></span> <span class='ocrx_word' id='word_1_229' title='bbox 1404 2630 1551 2680; x_wconf 80' lang='lat' dir='ltr'><strong>quae-</strong></span> 
     </span>
     <span class='ocr_line' id='line_1_31' title="bbox 119 2682 1554 2755; baseline 0.001 -20"><span class='ocrx_word' id='word_1_230' title='bbox 119 2682 290 2737; x_wconf 83' lang='lat' dir='ltr'><strong>si&#39;erat.</strong></span> <span class='ocrx_word' id='word_1_231' title='bbox 332 2687 499 2753; x_wconf 84' lang='lat' dir='ltr'><strong>Quod</strong></span> <span class='ocrx_word' id='word_1_232' title='bbox 531 2685 625 2739; x_wconf 91' lang='lat' dir='ltr'><strong>ille</strong></span> <span class='ocrx_word' id='word_1_233' title='bbox 659 2685 969 2755; x_wconf 87' lang='lat' dir='ltr'><strong>obsequium</strong></span> <span class='ocrx_word' id='word_1_234' title='bbox 991 2686 1251 2740; x_wconf 83' lang='lat' dir='ltr'><strong>Serviano</strong></span> <span class='ocrx_word' id='word_1_235' title='bbox 1273 2683 1554 2738; x_wconf 62' lang='lat' dir='ltr'><strong>exactissi-</strong></span> 
     </span>
     <span class='ocr_line' id='line_1_32' title="bbox 120 2756 1554 2828; baseline 0.003 -20"><span class='ocrx_word' id='word_1_236' title='bbox 120 2773 212 2809; x_wconf 86' lang='lat' dir='ltr'><strong>mo</strong></span> <span class='ocrx_word' id='word_1_237' title='bbox 249 2757 379 2810; x_wconf 76' lang='lat' dir='ltr'><strong>viro</strong></span> <span class='ocrx_word' id='word_1_238' title='bbox 414 2758 691 2826; x_wconf 80' lang='lat' dir='ltr'><strong>praestititl</strong></span> <span class='ocrx_word' id='word_1_239' title='bbox 730 2776 891 2828; x_wconf 86' lang='lat' dir='ltr'><strong>quem</strong></span> <span class='ocrx_word' id='word_1_240' title='bbox 933 2761 1164 2828; x_wconf 87' lang='lat' dir='ltr'><strong>legatum</strong></span> <span class='ocrx_word' id='word_1_241' title='bbox 1201 2758 1442 2812; x_wconf 81' lang='lat' dir='ltr'><strong>tribunus</strong></span> <span class='ocrx_word' id='word_1_242' title='bbox 1478 2756 1554 2812; x_wconf 80' lang='lat' dir='ltr'><strong>ita</strong></span> 
     </span>
     <span class='ocr_line' id='line_1_33' title="bbox 120 2828 1553 2900; baseline 0.001 -22"><span class='ocrx_word' id='word_1_243' title='bbox 120 2828 174 2879; x_wconf 73' lang='grc' dir='ltr'><strong>δε</strong></span> <span class='ocrx_word' id='word_1_244' title='bbox 204 2829 472 2884; x_wconf 83' lang='lat' dir='ltr'><strong>intellexit</strong></span> <span class='ocrx_word' id='word_1_245' title='bbox 496 2872 511 2895; x_wconf 83' lang='lat'>,</span> <span class='ocrx_word' id='word_1_246' title='bbox 543 2834 596 2884; x_wconf 79' lang='grc' dir='ltr'><strong>ὅτ.</strong></span> <span class='ocrx_word' id='word_1_247' title='bbox 628 2832 802 2900; x_wconf 84' lang='lat' dir='ltr'><strong>cepit,</strong></span> <span class='ocrx_word' id='word_1_248' title='bbox 824 2846 885 2884; x_wconf 85' lang='lat' dir='ltr'><strong>ut</strong></span> <span class='ocrx_word' id='word_1_249' title='bbox 914 2848 985 2884; x_wconf 84' lang='lat' dir='ltr'><strong>ex</strong></span> <span class='ocrx_word' id='word_1_250' title='bbox 1011 2831 1298 2886; x_wconf 87' lang='lat' dir='ltr'><strong>Germania</strong></span> <span class='ocrx_word' id='word_1_251' title='bbox 1329 2830 1388 2882; x_wconf 90' lang='lat' dir='ltr'><strong>in</strong></span> <span class='ocrx_word' id='word_1_252' title='bbox 1418 2829 1553 2881; x_wconf 86' lang='lat' dir='ltr'><strong>Pan-</strong></span> 
     </span>
     <span class='ocr_line' id='line_1_34' title="bbox 118 2901 1558 2969; baseline 0.003 -15"><span class='ocrx_word' id='word_1_253' title='bbox 118 2901 340 2956; x_wconf 89' lang='lat' dir='ltr'><strong>noniam</strong></span> <span class='ocrx_word' id='word_1_254' title='bbox 370 2905 727 2961; x_wconf 84' lang='lat' dir='ltr'><strong>transeuntem</strong></span> <span class='ocrx_word' id='word_1_255' title='bbox 759 2922 872 2959; x_wconf 87' lang='lat' dir='ltr'><strong>non</strong></span> <span class='ocrx_word' id='word_1_256' title='bbox 898 2919 958 2959; x_wconf 88' lang='lat' dir='ltr'><strong>ut</strong></span> <span class='ocrx_word' id='word_1_257' title='bbox 993 2904 1296 2960; x_wconf 86' lang='lat' dir='ltr'><strong>commilito</strong></span> <span class='ocrx_word' id='word_1_258' title='bbox 1316 2941 1333 2969; x_wconf 79' lang='lat'>‚</span> <span class='ocrx_word' id='word_1_259' title='bbox 1369 2902 1458 2958; x_wconf 85' lang='lat' dir='ltr'><strong>sed</strong></span> <span class='ocrx_word' id='word_1_260' title='bbox 1496 2916 1558 2959; x_wconf 85' lang='lat' dir='ltr'><strong>ut</strong></span> 
     </span>
    </p>
   </div>
  </div>
 </body>
</html>
