1951 3720
329 312 587 379 EPIS
618 325 933 380 ToLAE.
984 310 1130 382 Lib.
1174 308 1301 381 IV.
1407 332 1543 404 117

98 428 251 485 tionis
275 470 292 495 ‚
328 430 571 501 ingenii,
609 430 795 494 studii,
835 431 1116 484 memoriae
1151 431 1378 499 denique
1401 431 1504 485 effe
1526 469 1549 496 ,

102 521 344 572 quantum
386 521 639 571 expertus
678 505 947 558 invenies.
1003 506 1220 556 Vellem
1254 520 1361 556 tam
1395 506 1546 558 ferax

104 578 321 630 seculum
376 579 537 630 bonis
592 578 789 629 artibus
838 579 1150 631 haberemus
1176 617 1192 641 ‚
1231 592 1292 629 ut
1334 578 1548 646 aliquos

105 650 237 703 Bafl'o
267 652 519 719 praeferre
538 653 788 703 deberes:
822 665 936 702 tum
967 668 1071 720 ego
1103 666 1156 702 te
1180 651 1387 718 primus
1413 653 1550 703 hor-

104 738 223 775 tarer
245 741 633 792 moneremque
656 764 671 788 ‚
705 723 1071 778 circumferres
1102 726 1292 776 oculos
1314 763 1329 788 ‚
1367 741 1426 776 ac
1451 726 1545 777 diu

105 798 381 863 pensitares
398 815 558 867 quem
579 797 924 865 potissimum
948 797 1191 867 eligeres,
1207 799 1364 849 Nunc
1376 796 1512 850 vero
1528 816 1548 852 ι

106 869 178 921 sed
199 869 331 922 nihil
357 874 497 923 volo
524 872 587 922 de
613 871 787 923 amico
812 888 935 923 meo
964 870 1299 939 arrogantius
1324 870 1499 924 dicere
1525 889 1542 925 z

105 941 193 994 hoc
241 944 419 996 solum
460 943 583 996 dico
622 983 638 1008 ,
690 945 908 1014 dignum
947 943 1049 996 effe
1085 943 1339 1009 juvenem
1379 961 1544 1013 quem

106 1032 238 1069 more
281 1016 550 1081 majorum
590 1016 649 1068 in
688 1016 790 1069 filii
824 1019 1005 1069 locum
1049 1015 1287 1070 assumas.
1329 1019 1546 1072 Debent

107 1104 266 1141 autem
305 1089 576 1158 sapientes
604 1090 749 1154 viri,
791 1105 849 1142 ut
872 1104 931 1141 tu
952 1129 966 1153 ‚
1008 1093 1139 1141 tales
1170 1090 1321 1159 quasi
1343 1091 1548 1145 liberos

106 1178 130 1212 a
164 1165 432 1231 republica
482 1163 719 1232 accipere
745 1203 761 1227 ‚
799 1165 981 1231 quales
1019 1181 1048 1215 a
1084 1178 1269 1215 natura
1306 1163 1543 1217 solemus

107 1250 295 1303 optare.
340 1238 596 1289 Decorus
626 1237 728 1289 erit
762 1236 861 1288 tibi
897 1236 1106 1288 consuli
1139 1235 1365 1305 quaestor
1394 1252 1548 1304 patre

104 1309 346 1376 praetorio
369 1349 384 1373 ,
412 1309 732 1378 propinquis
767 1310 1127 1361 consularibus
1149 1326 1165 1368 3
1192 1309 1381 1379 quibus
1402 1348 1418 1369 .
1457 1308 1549 1375 iu-

104 1380 232 1434 dicio
249 1382 496 1451 ipsorum
512 1423 528 1447 ‚
549 1400 869 1451 quamquam
893 1383 1314 1435 adolescentulus
1338 1383 1506 1434 adhuc
1529 1419 1549 1447 ‚

103 1451 199 1517 jam
230 1471 415 1508 tamen
449 1455 687 1509 invicem
711 1471 1031 1509 ornamento
1054 1455 1145 1509 est.
1187 1456 1417 1509 Proinde
1456 1455 1548 1507 in-

102 1529 244 1598 dulge
263 1530 513 1598 precibus
531 1530 704 1592 meis,
727 1530 1015 1597 obsequere
1042 1528 1305 1581 consilio·
1296 1564 1311 1588 ,
1347 1530 1399 1581 &
1422 1544 1548 1584 ante

104 1602 312 1666 omnia,
344 1602 395 1655 si
430 1602 675 1656 festinare
707 1602 933 1667 videor,
974 1602 1228 1672 ignosce.
1271 1602 1503 1676 primum
1528 1639 1548 1668 ‚

104 1673 270 1742 quod
256 1693 312 1727 m
331 1693 396 1728 ea
413 1676 670 1740 civitate,
705 1676 764 1728 in
795 1693 897 1744 qua
923 1675 1107 1727 omnia
1133 1675 1284 1742 quasi
1306 1676 1385 1726 ab
1392 1681 1548 1727 occu-

103 1748 336 1815 pantibus
361 1765 619 1819 aguntur,
635 1767 752 1819 quae
773 1748 1076 1818 legitimum
1095 1764 1304 1816 tempus
1324 1749 1549 1816 exspec-

105 1835 242 1886 tant,
284 1840 403 1876 non
438 1839 682 1887 matura,
715 1823 806 1876 sed
841 1822 954 1875 sera
978 1822 1133 1882 sunt,
1170 1821 1359 1874 deinde
1399 1820 1548 1891 quod

106 1912 267 1948 rerum
317 1915 452 1966 quas
502 1896 698 1966 affequi
744 1896 925 1964 cupias
963 1934 981 1959 ,
1031 1896 1376 1964 praesumptio
1434 1895 1550 1963 ipsa

103 1964 318 2033 jucunda
345 1970 443 2024 est.
485 1973 813 2023 Revereatur
840 1969 947 2035 jam
980 1983 1033 2021 te
1062 1968 1238 2022 Bafi‘us
1268 1983 1328 2021 ut
1350 1970 1547 2021 consu-

107 2044 237 2103 lem;
267 2058 329 2095 tu
363 2043 527 2113 dilige
558 2060 681 2096 eum
703 2058 763 2095 ut
782 2041 1129 2112 quaestorem
1118 2074 1133 2102 ‚
1158 2058 1257 2093 nos
1282 2042 1511 2110 denique
1526 2079 1546 2108 ‚

106 2117 371 2185 utriusque
406 2117 638 2170 vestrum
673 2113 1027 2169 amantissimi
1059 2154 1074 2179 ‚
1118 2114 1315 2183 duplici
1354 2115 1544 2168 laetitia

108 2191 447 2256 perfruamur.
496 2189 710 2243 Etenim
751 2206 916 2259 quum
965 2188 1044 2241 sic
1084 2204 1137 2241 te
1157 2227 1174 2252 ‚
1214 2188 1294 2241 sic
1336 2187 1546 2242 Baffum

108 2262 419 2334 diligamus,
461 2278 520 2316 ut
557 2265 610 2317 δι
653 2263 806 2316 illum
840 2261 1263 2330 cujuscumque,
1302 2262 1356 2314 δι
1391 2277 1546 2315 ιιιιιιιι

107 2352 490 2405 quemcumque
526 2336 853 2419 quaestorem·
873 2336 934 2387 in
968 2335 1209 2403 petendis
1247 2335 1547 2390 honoribus

105 2410 247 2461 omni
289 2427 442 2479 ope,
479 2411 658 2463 labore
679 2447 694 2474 ,
725 2408 891 2479 gratia
911 2408 1080 2461 simus
1108 2406 1376 2472 juvanti,
1418 2426 1547 2478 per·

107 2499 253 2550 quam
289 2482 585 2549 jucundum
628 2484 784 2535 nobis
817 2482 957 2545 erit
1005 2481 1052 2534 si
1088 2480 1146 2533 in
1180 2485 1424 2534 eumdem
1459 2481 1546 2549 ju-

105 2573 293 2608 venem
342 2555 572 2608 studium
606 2555 882 2620 nostrum,
928 2556 983 2607 &
1021 2554 1268 2607 amicitiae
1312 2573 1444 2608 meae
1486 2557 1547 2609 δι

106 2630 402 2682 consulatus
435 2631 517 2682 tui
555 2629 693 2682 ratio
716 2628 1044 2682 contulerit:
1077 2628 1127 2681 si
1153 2629 1381 2697 denique
1418 2646 1550 2698 pre—

106 2701 243 2755 cibus
298 2703 440 2755 meis
492 2718 552 2755 ιιι
600 2703 944 2771 potissimum
980 2700 1187 2768 adjutor
1233 2701 1500 2757 accefferis
1522 2739 1542 2768 ‚

110 2774 245 2841 cujus
271 2776 488 2829 senatus
516 2777 570 2829 δι
591 2775 842 2846 suffragio
864 2774 1217 2829 libentissime
1239 2775 1507 2848 indulgeat
1523 2810 1544 2843 ‚

109 2848 160 2902 &
185 2849 499 2905 testimonio
529 2849 818 2920 plurimum
835 2850 1029 2905 credat.
1064 2850 1225 2908 Vale.
