1951 3720
369 332 514 404 '260
717 300 1474 401 CAtiPLtN121

369 454 588 509 natione
607 452 857 508 civilius?
895 453 1026 522 quid
1039 452 1283 506 libertate
1299 453 1627 522 pretiosius?
1646 454 1799 510 Porro

368 526 529 598 quim
559 542 740 596 turpe,
774 527 821 579 si
843 525 1113 579 ordinatio
1131 528 1417 580 eversione
1431 566 1450 591 ,
1467 528 1683 581 libertas
1705 530 1800 582 ser·

366 601 546 654 vitute
580 603 854 667 mutetur?
884 601 1104 653 Accedit
1129 599 1276 669 quod
1311 601 1409 652 tibi
1440 616 1714 654 certamen
1739 602 1799 655 est

367 687 582 728 tecum:
607 686 794 728 onerat
828 688 882 726 te
920 673 1191 742 quaesturae
1216 688 1319 727 tuae
1351 675 1491 726 fama
1511 715 1526 736 ‚
1571 692 1725 744 quam
1741 693 1799 729 ex

368 746 622 816 Bithynia
643 748 905 816 optimam
927 746 1214 800 revexisti:
1240 762 1427 799 onerat
1449 747 1799 801 testimonium

370 812 632 888 Principis
653 840 666 872 :
692 835 886 873 onerat
897 819 1194 872 tribunatus
1211 859 1226 882 ‚
1246 836 1507 888 praetura,
1529 835 1688 890 atque
1706 822 1801 874 haec

371 892 484 960 ipsa
517 893 717 962 legatio
738 931 754 956 ‚
786 893 937 962 quasi
973 894 1257 960 praemium
1297 895 1430 946 data.
1481 893 1612 959 Quo
1653 895 1804 964 magis

372 965 650 1018 nitendum
669 966 742 1018 est
761 1005 776 1029 ‚
809 983 877 1018 ne
901 966 960 1018 in
996 967 1289 1037 longinqua¹
1313 967 1602 1034 provincia
1617 1007 1635 1031 ‚
1662 967 1801 1037 quim

372 1039 661 1092 suburbana
684 1078 697 1102 ,
724 1056 792 1091 ne
812 1039 952 1091 inter
970 1039 1262 1092 servientes
1276 1079 1294 1103 ‚
1321 1039 1479 1108 quzim
1503 1041 1702 1093 liberos
1717 1059 1804 1106 ‚ne

371 1112 516 1165 sorte
531 1151 547 1176 ‚
567 1111 726 1181 quiam
743 1111 943 1178 judicio
958 1111 1138 1165 miffus
1154 1153 1169 1176 ‚
1185 1130 1251 1165 ne
1261 1115 1410 1171 ,rudis
1425 1114 1479 1165 δε
1492 1113 1806 1184 incognitus,

374 1184 537 1255 quim
565 1189 876 1254 exploratus
912 1187 1266 1254 probatusque
1297 1224 1313 1249 ‚
1353 1187 1643 1240 humanior
1663 1226 1679 1251 ‚
1710 1205 1806 1241 me-

373 1259 483 1329 lior
502 1256 534 1322 ,’
551 1259 777 1328 peritior
797 1258 947 1312 fuifl'e
974 1260 1206 1313 videaris
1226 1279 1241 1311 x
1270 1277 1435 1329 quum
1455 1259 1526 1312 sit
1545 1261 1805 1330 alioquin,

375 1347 438 1386 ut
480 1333 617 1401 saepe
656 1332 839 1387 audisti
864 1373 879 1397 ‚
917 1333 1054 1401 saepe
1083 1332 1254 1402 legisti
1275 1373 1290 1395 ‚
1321 1331 1495 1387 multo
1529 1335 1807 1388 deformius

379 1405 625 1459 amittere
646 1445 661 1469 ‚
694 1405 851 1476 quim
884 1423 996 1459 non
1018 1405 1214 1476 affequi
1231 1408 1458 1460 laudem.
1502 1408 1636 1461 Haec
1658 1409 1808 1462 velim

380 1480 558 1532 credas
584 1519 600 1542 ,
641 1481 785 1548 quod
826 1476 987 1532 initio
1023 1479 1138 1532 dixi
1161 1520 1180 1544 ,
1219 1479 1476 1548 scripsisse
1513 1498 1603 1533 me
1639 1484 1803 1534 admo·

382 1566 598 1621 nentem
623 1591 639 1616 ‚
677 1570 790 1605 non
817 1552 1257 1622 praecipientem3
1283 1570 1606 1622 quamquam
1634 1556 1803 1622 praeei-

382 1625 620 1696 pientem
644 1643 876 1696 quoque.
919 1627 1137 1695 Quippe
1156 1644 1270 1680 non
1290 1643 1485 1679 vereor
1506 1666 1521 1690 ‚
1548 1627 1606 1678 in
1644 1646 1806 1685 amore

384 1717 453 1751 ne
489 1701 707 1752 modum
738 1699 1065 1753 excefferim.
1115 1702 1303 1770 Neque
1341 1699 1489 1753 enim
1527 1700 1807 1768 periculum

386 1771 499 1901 ssa'l
515 1791 583 1828 ne
601 1773 686 1827 ‘sit
706 1774 933 1828 nimium
957 1813 974 1841 ,
1008 1776 1154 1845 quod
1181 1773 1284 1830 effe
1319 1774 1618 1829 maximum
1653 1777 1804 1831 dehet.

501 1864 552 1906 e.

983 2427 1207 2512 ‘fflff
