1951 3720
403 219 1316 292 EPIsToLAE.Lib.V1.
1438 221 1563 295 181

128 337 315 393 maria.
362 339 614 393 Cinxerat
641 344 865 408 Capreas
893 343 945 393 ὅ(
978 342 1351 401 absconderat:
1374 343 1577 398 Miseni

131 417 279 481 quod
311 414 579 479 procurrit
606 454 621 477 ,
655 417 943 468 abstulerat.
994 416 1134 466 Tum
1184 431 1348 467 mater
1388 434 1537 469 orare
1563 453 1579 480 ,

115 486 336 537 hortari
363 526 378 548 ‚
420 485 599 550 jubere
625 526 646 549 ,.
671 505 893 556 quoquo
930 491 1097 541 modo
1132 489 1365 557 fugerem
1383 507 1405 547 ·,
1433 488 1580 556 posse

130 560 271 610 enim
314 559 607 622 juvenem:
632 560 685 624 se
713 564 757 610 6·
791 564 925 611 annis
953 564 999 611 ὃ·
1031 580 1227 630 corpore
1246 582 1432 631 gravem
1468 564 1581 614 bene

133 636 408 682 morituram
432 669 447 687 ‚
487 636 529 683 si
563 635 675 682 mihi
722 632 861 701 causa
904 637 1066 685 mortis
1112 655 1206 685 non
1235 636 1415 701 fmffet.
1466 637 1580 704 Ego

133 707 317 756 contra
341 746 356 767 ‚
390 704 580 770 salvum
619 726 688 756 me
709 742 723 764 ,
758 709 849 756 nisi
883 710 977 756 ιιηὰ
997 744 1010 765 ,
1048 726 1144 758 non
1169 709 1380 774 fututum
1407 727 1424 758 .·
1458 711 1583 760 dein

133 795 350 830 manum
390 779 507 840 ejus
552 781 826 847 amplexus
860 819 882 842 r
913 783 1096 834 addere
1137 784 1352 850 gradum
1396 799 1581 850 cogot

135 868 280 918 paret
304 870 448 920 aegre
469 890 484 914 ‚
515 852 816 921 incusatque
839 854 891 904 se
916 853 1059 922 qubd
1077 871 1162 907 me
1182 871 1435 907 moretur.
1461 856 1489 909 J
1495 871 1582 906 am

136 924 263 975 cinis
283 964 299 987 ‚
337 928 508 976 adhuc
533 940 712 976 tamen
730 943 873 977 rarus
896 946 909 977 ε
936 927 1198 995 respicio:
1231 930 1385 980 densa
1405 929 1581 996 caligo

137 998 293 1066 tergis
353 998 672 1050 imminebat
696 1038 711 1061 ‚
761 1017 877 1067 quae
915 1017 1025 1051 nos
1053 1039 1070 1062 ,
1120 1003 1371 1054 torrentis
1413 1003 1580 1053 modo

137 1069 302 1122 infusa
329 1087 486 1122 terrae
508 1110 524 1134 ‚
558 1072 882 1141 sequebatur.
925 1074 1247 1140 Deflet-*lamus
1266 1110 1280 1132 ‚
1319 1077 1536 1142 inquam
1561 1112 1580 1137 ,

139 1145 232 1196 dum
267 1146 484 1194 videmus
505 1180 520 1200 ,
556 1164 613 1195 ne
642 1147 690 1196 ἱιι
727 1147 810 1195 via
829 1147 1001 1208 strati,
1033 1149 1351 1197 comisantium
1373 1149 1511 1196 turba*
1532 1151 1584 1198 itt

140 1219 336 1267 tenebris
361 1218 654 1269 obterantur.
679 1219 795 1270 Vix
817 1219 1211 1270 consideramus
1227 1258 1242 1281 ‚
1266 1220 1318 1271 &
1336 1236 1451 1271 nox
1470 1236 1585 1272 non

141 1291 284 1358 quasi
304 1290 494 1343 illunis
512 1307 604 1342 aut
626 1291 802 1343 nubila
822 1330 838 1352 ‚
859 1293 945 1342 sed
967 1292 1136 1359 qualis
1158 1292 1213 1343 in
1232 1293 1365 1343 locis
1390 1293 1583 1350 clausis

140 1365 337 1416 lumine
376 1363 679 1416 exstinfio:
711 1364 915 1416 audires
954 1367 1181 1416 ululatus
1225 1365 1584 1428 feminarum,

141 1436 435 1489 infantium
475 1437 755 1505 quiritatus
792 1476 808 1501 ‚
849 1440 1107 1490 clamores
1150 1439 1440 1491 virorum-z
1488 1439 1585 1490 alii

141 1526 382 1581 parentes
413 1550 428 1572 ‚
469 1510 564 1560 alii
611 1509 807 1561 liberos
841 1549 856 1571 ‚
909 1510 1001 1562 alii
1055 1510 1306 1580 conjuges
1356 1512 1582 1565 vocibus

142 1585 479 1651 requirebant
503 1622 519 1645 ‚
555 1583 779 1634 vocibus
813 1583 1177 1635 noscitabant:
1208 1585 1265 1634 hi
1304 1586 1453 1637 suum
1495 1602 1583 1637 ca·-

144 1656 251 1708 sum
272 1696 288 1719 ‚
315 1657 399 1708 illi
441 1656 658 1707 suorum
691 1655 1102 1707 miserabantur:
1143 1671 1292 1708 erant
1310 1659 1402 1725 qui
1439 1674 1597 1710 metu.

143 1730 327 1781 mortis
372 1742 609 1780 mortem
633 1746 1000 1797 precarentur..
1028 1730 1190 1780 Multi
1215 1732 1277 1781 ad
1311 1732 1438 1781 deos
1471 1747 1592 1781 ma·

145 1815 236 1855 nus
280 1805 481 1855 tollere
513 1841 529 1866 ,
574 1803 748 1870 plures
786 1803 1042 1871 nusquam
1083 1802 1187 1867 jam
1230 1804 1358 1855 deos
1401 1806 1539 1855 ullos
1567 1841 1584 1869 ‚

146 1893 503 1945 aeternamque
530 1876 676 1929 illam
702 1877 753 1928 δι
777 1877 1129 1929 novissimam
1150 1877 1363 1929 nodiem
1388 1882 1588 1929 mundo

147 1949 643 2019 interpretabantur.
688 1952 800 2003 Nec
830 1950 1105 2002 defuerunt
1137 1950 1227 2017 qui
1260 1949 1397 2001 ficiis
1436 1968 1593 2002 men-

147 2023 357 2093 titisque
399 2023 690 2076 terroribus
731 2040 859 2075 vera
891 2024 1123 2090 pericula
1168 2039 1437 2091 augerent.
1489 2025 1595 2075 Ad·

148 2113 288 2149 erant
311 2098 411 2166 qui
443 2095 641 2147 Miseni
663 2095 793 2148 illud
815 2095 967 2147 ruiffe
985 2136 1001 2159 ‚
1020 2098 1150 2148 illud
1170 2098 1385 2158 ardere,
1416 2096 1555 2150 falsi)
1572 2135 1590 2159 ‚

150 2170 230 2223 sed
280 2169 623 2223 credentibus
673 2169 1000 2221 nuntiabant.
1062 2169 1278 2221 Paulum
1332 2170 1531 2222 reluxit
1572 2209 1591 2232 ,‚

152 2246 292 2312 quod
328 2260 446 2295 non
484 2242 594 2294 dies
635 2243 790 2294 nobis
818 2282 833 2305 ,
865 2243 951 2294 sed
982 2242 1313 2293 adventantis
1350 2242 1488 2311 ignis
1516 2244 1597 2295 in—

151 2316 345 2369 dicium
379 2316 691 2368 videbatur:
730 2317 782 2367 ὅ(
811 2315 951 2385 ignis
983 2315 1195 2382 quidem
1226 2316 1438 2385 longius
1470 2317 1592 2370 sub·

150 2388 320 2449 stitia
360 2391 592 2441 tenebrat
638 2389 814 2440 rursus
848 2428 862 2451 ‚
905 2388 1042 2440 cinis
1090 2389 1262 2441 rursus
1301 2393 1496 2442 multus
1539 2392 1593 2443 &

151 2464 326 2532 gravis
356 2482 370 2515 :
408 2464 549 2514 hunc
599 2462 892 2514 identidem.
929 2460 1245 2530 assurgentes
1300 2464 1595 2516 excutieba-

152 2554 267 2589 mus
291 2556 307 2596 3
335 2536 514 2606 operti
546 2536 787 2603 alioquin
812 2574 832 2597 ‚.
866 2550 1024 2602 atque
1065 2534 1223 2586 etiam
1266 2537 1425 2588 oblisi
1461 2553 1597 2605 pon·

153 2611 272 2662 dere
293 2606 542 2661 effemuS.
565 2608 768 2660 Poffem
791 2608 1007 2677 gloriari
1029 2625 1139 2659 non
1153 2608 1405 2677 gemitum
1428 2608 1595 2671 mihi,

153 2700 264 2734 non
283 2699 482 2735 vocem
502 2699 687 2751 parum
707 2682 900 2733 fortem
927 2683 984 2732 in
1003 2683 1161 2733 tantis
1186 2683 1435 2749 periculis
1454 2683 1595 2734 exci-

97 2764 102 2771 ’
155 2755 309 2819 diffe,
341 2756 451 2807 nisi
477 2772 561 2807 me
595 2772 718 2808 cum
754 2754 1033 2817 omnibus,
1062 2756 1242 2806 omnia
1271 2772 1477 2805 mecum
1507 2772 1595 2820 pe.-

155 2830 257 2882 rire
282 2869 297 2894 ,
336 2829 535 2899 misetp
554 2869 568 2894 ,
599 2846 793 2900 magno
830 2843 1011 2882 tamen
1041 2828 1377 2881 mortalitatis
1402 2826 1607 2882 solatia
