1951 3720
451 251 1024 320 Emsrozfz.
1054 251 1199 321 Lib.
1231 249 1331 325 X.
1481 276 1620 350 303

153 385 226 426 ut
265 371 602 442 legationem
630 412 646 437 ‚
697 373 741 426 si
786 391 888 442 qua
940 374 1167 437 veniss‘et
1208 393 1237 427 a
1279 376 1558 445 Bosphoro
1601 420 1619 443 ‚

150 448 336 516 nsque
373 449 431 498 in
462 450 749 500 adventum
786 449 935 500 suum
971 466 1274 503 retinerem.
1315 451 1477 516 Quod
1500 455 1621 504 diu-

154 522 272 573 tius
307 521 542 573 faciendi
579 526 722 573 nulla
762 523 893 574 mihi
931 525 1220 590 probabilis
1255 540 1393 576 ratio
1429 519 1620 577 occur-

152 594 269 652 τὴς
313 595 609 662 praesertim
650 613 812 664 quum
849 596 1085 664 epistolae
1125 599 1443 667 Lycormae,
1483 615 1618 666 quas

154 669 410 720 detinere
432 708 447 731 ,
481 687 540 720 ut
573 668 697 721 ante
733 688 795 737 pr
813 670 955 721 adixi
985 710 1000 733 ,
1036 672 1187 723 nolui
1214 712 1231 735 ,
1266 671 1472 740 aliquot
1503 672 1626 725 die·

154 742 259 794 bus
294 743 443 795 hunc
479 745 712 811 legatum
744 743 1074 797 antecess‘urae
1112 745 1440 799 viderentur.

190 861 384 917 XVI.
426 863 756 917 Fuluus
796 865 1172 917 ’rumano
1213 867 1477 920 luri-212.
1517 868 1583 922 S.

537 986 625 1035 De
674 985 965 1037 Callidromi)
1007 984 1241 1056 fitgitiros

157 1069 253 1166 A
278 1123 555 1162 ruamus
574 1148 590 1172 ‚
631 1106 874 1160 Domine
901 1146 915 1170 ‚
955 1111 1110 1161 miles
1132 1148 1157 1172 ,ν
1185 1110 1279 1179 qui
1312 1109 1390 1164 est
1420 1109 1477 1162 in
1511 1110 1623 1164 sta·

154 1181 316 1236 tione
381 1183 765 1235 Nicomedensi
800 1221 816 1245 ‚
871 1182 1082 1250 scripsit
1139 1184 1273 1235 mihi
1331 1188 1614 1253 quemdam

153 1258 391 1309 nomine
430 1257 810 1308 Callidromum
837 1295 854 1319 ,
896 1273 1062 1324 quum
1100 1257 1423 1310 detineretur
1446 1276 1474 1309 a
1498 1260 1614 1310 Ma-

154 1329 316 1383 ximo
372 1332 425 1383 &
466 1330 747 1400 Dionysio
787 1329 1072 1397 pistoribus
1112 1370 1127 1394 ‚
1179 1331 1371 1399 quibus
1421 1344 1622 1400 operas-

154 1403 278 1457 suas
327 1407 602 1457 locaverat
633 1443 650 1467 ‚
689 1402 981 1472 confugiffe
1037 1405 1102 1456 ad
1151 1418 1297 1457 tuam
1347 1403 1565 1457 statuam
1591 1443 1621 1471 „

155 1479 580 1547 perductumque
611 1479 675 1529 ad
708 1476 1037 1545 magistratus
1075 1477 1321 1530 indicaffe
1346 1518 1363 1542 ,
1395 1477 1624 1533 serviffe

156 1551 449 1620 aliquando
481 1551 704 1603 Laberio
742 1550 992 1602 Maximo
1014 1590 1029 1613 ,
1054 1567 1371 1620 captumque
1403 1570 1432 1604 a
1456 1554 1617 1623 Susa·-

156 1642 227 1694 go
267 1628 328 1677 in
368 1626 571 1677 Moesia
598 1665 614 1689 ‚
659 1625 712 1676 &
756 1641 786 1675 a
826 1623 1090 1676 Decibalo
1138 1624 1347 1676 muneri
1393 1624 1611 1678 miffum

159 1698 406 1763 Pacoro,
440 1699 663 1751 Parthiae
686 1696 836 1767 regi,
870 1697 1210 1765 pluribusque
1246 1697 1399 1748 annis
1436 1699 1493 1749 in
1516 1700 1623 1752 mi·-

154 1772 381 1825 nisterio
418 1771 532 1838 ejus
565 1770 717 1825 fuiffe
744 1810 759 1833 ,
780 1770 967 1822 deinde
1002 1769 1189 1839 fugiffe
1215 1809 1230 1833 ‚
1256 1786 1413 1839 atque
1447 1772 1518 1823 ita
1550 1771 1619 1825 in·

155 1846 534 1900 Nicomediam
575 1843 892 1914 perveniffe.
939 1845 1118 1911 Quem
1155 1860 1259 1914 ego
1299 1844 1610 1913 perduQum

157 1923 219 1973 ad
258 1939 353 1974 me
376 1961 392 1984 ‚
438 1938 601 1989 quum
639 1921 822 1972 eadem
868 1917 1117 1971 narr-affer
1140 1958 1155 1981 ,
1191 1918 1509 1971 mittendum
1547 1922 1612 1973 ad

157 2008 209 2047 re
240 1994 439 2063 putavi
460 2014 474 2046 ι
509 1995 656 2063 quod
680 1990 842 2061 paulo
868 1992 1062 2045 tardius
1080 1993 1185 2045 feci
1206 2032 1222 2054 ,
1247 1995 1373 2045 dnm
1394 1994 1619 2062 requiro-

160 2085 426 2138 gemmam
453 2107 468 2131 ‚
507 2085 666 2137 quam
699 2066 836 2129 sibi,
874 2067 1150 2118 habentem
1191 2066 1477 2135 imaginem
1511 2068 1617 2120 Pau.

131 2143 270 2194 'cori
291 2182 309 2207 ‚
345 2144 400 2195 ὃ(
433 2142 624 2210 quibus
662 2139 961 2208 insignibus
992 2157 1210 2191 ornatus
1241 2139 1417 2191 fuiss'et
1438 2180 1452 2203 ‚
1487 2142 1613 2193 sub·

157 2216 375 2268 traciam
409 2215 694 2267 indicabat.
739 2214 911 2266 Volui
942 2214 1087 2266 enim
1125 2215 1263 2265 hanc
1283 2227 1498 2282 qnoque
1519 2212 1609 2278 ,si

158 2287 395 2342 inveniri
432 2288 686 2358 potuiffet
710 2328 734 2351 ,
766 2287 925 2339 simul
964 2287 1175 2339 mittere
1198 2326 1220 2350 ⁷
1254 2287 1394 2340 sicut
1420 2290 1609 2357 glebu-

157 2363 259 2414 lam
283 2363 444 2425 misi,
470 2381 630 2431 quam
667 2362 720 2414 se
744 2379 814 2412 ex
852 2361 1097 2413 Parthico
1129 2364 1355 2413 metallo
1376 2360 1612 2412 attuliffe.

160 2437 381 2489 dicebat.
422 2437 638 2505 Signata
671 2434 744 2487 est
773 2438 1134 2509 annulqmeo
1154 2473 1179 2500 „
1195 2433 1343 2504 cujus
1365 2434 1443 2490 est
1467 2450 1613 2503 ερατ

158 2510 478 2583 spanagium
496 2548 518 2576 ‚
555 2511 834 2581 quadriga.
