1951 3720
340 275 482 352 374
627 246 1504 323 PANEcrnzcvs‘

343 374 597 431 XXV.
639 378 753 430 Nec
780 392 1008 441 vereor,
1031 376 1092 430 P.
1131 378 1195 430 C.
1228 392 1297 428 ne
1326 374 1552 446 longior
1570 369 1786 440 videar}

336 466 503 521 quum
534 451 607 504 sit
629 449 883 504 maxime
908 451 1244 535 optandum,
1285 464 1347 502 ut
1379 465 1479 512 ea,
1516 465 1620 517 pro
1662 449 1781 518 qui-

337 526 436 578 bus
481 539 707 595 aguntur
742 523 980 593 Principi
1018 524 1236 595 gratia,
1273 525 1443 576 multa
1477 522 1625 575 sint.
1659 533 1779 592 quae

340 598 558 668 quidem
611 599 946 652 reverentius
1003 598 1165 652 fuerit
1219 598 1424 667 integra
1477 597 1783 666 illibataque

334 672 753 742 cogitationibus
799 671 990 726 vestris
1006 671 1287 745 reservari
1307 711 1322 734 ,
1359 669 1519 740 quarn
1560 671 1784 740 carptim

336 744 677 814 breviterque
713 745 994 816 perstringi
1031 764 1049 806 ;
1100 745 1224 814 quia
1258 744 1369 798 fer‘e
1406 745 1651 813 sequitur
1670 784 1687 808 ‚
1725 759 1787 797 ut

337 817 431 871 illa
456 820 671 888 quidem
701 821 766 872 de
803 819 995 888 quibus
1031 833 1204 872 taceas
1225 858 1243 883 ,
1265 834 1412 871 tanta
1450 834 1649 887 quanta
1671 818 1789 871 sunt

337 891 445 945 ess‘e
473 893 774 947 videantur.
826 893 949 946 Nisi
984 891 1122 946 verb
1151 892 1348 945 leviter
1384 891 1580 962 attingi
1613 895 1795 960 placet

338 967 689 1036 locupletatas
726 966 894 1019 tribus
928 1007 946 1032 ,
994 968 1280 1036 datumque
1314 967 1655 1036 congiarium
1700 983 1790 1036 po-

340 1042 476 1108 pulo
498 1078 513 1104 ,
559 1040 613 1092 &
646 1041 829 1092 datum
865 1054 1044 1093 totum
1065 1078 1085 1106 ,
1124 1057 1291 1109 quum
1313 1040 1562 1092 donati-vi
1584 1055 1790 1108 partem

340 1113 543 1165 milites
580 1112 914 1182 accepiss'ent.
956 1114 1043 1166 An
1065 1113 1353 1167 mediocris
1384 1114 1552 1165 animi
1579 1113 1657 1167 est
1672 1155 1687 1178 ,
1711 1115 1790 1168 his

340 1185 525 1254 potius
567 1188 940 1256 repraesentare
959 1224 973 1252 ,
1008 1188 1200 1258 quibus
1252 1187 1420 1257 magis
1461 1188 1652 1258 negari
1694 1205 1792 1257 po·

341 1259 441 1312 test
482 1263 504 1314 ?
557 1277 876 1330 quamquam
929 1261 993 1313 in
1046 1262 1144 1314 hac
1198 1279 1414 1331 quoque
1478 1261 1792 1316 diversitate

341 1333 661 1402 equalitatis
698 1334 837 1388 ratio
873 1335 1079 1387 servata
1112 1334 1204 1389 est.
1252 1335 1471 1404 AEquati
1487 1335 1613 1388 sunt
1650 1337 1793 1389 enim

316 1410 554 1476 ‘populo
591 1408 829 1472 milites,
835 1406 933 1462 eo
974 1407 1119 1478 quod
1143 1422 1384 1477 partem,
1419 1410 1508 1462 sed
1541 1409 1793 1478 priores,

341 1483 584 1549 populus
617 1481 927 1545 militibus,
964 1479 1114 1552 quod
1149 1482 1446 1551 posterior,
1483 1483 1578 1536 sed
1615 1492 1797 1536 totum

342 1552 520 1607 statim
544 1555 766 1625 accepit.
809 1555 1105 1609 Enimvero
1139 1556 1245 1626 qua
1283 1556 1614 1626 benignitate
1653 1557 1798 1611 divi·

343 1627 463 1681 sum
511 1628 634 1690 est,
649 1646 996 1700 quantaque
1043 1646 1180 1682 curae
1219 1630 1320 1682 tibi
1367 1630 1504 1694 fuit,
1553 1648 1622 1684 ne
1678 1631 1800 1700 quis

342 1717 540 1789 expers
576 1703 906 1756 liberalitatis
944 1717 1049 1756 tuae
1084 1703 1238 1757 fieret
1272 1708 1285 1758 !
1322 1705 1526 1757 Datum
1559 1704 1637 1757 est
1674 1705 1801 1770 his,

346 1776 446 1844 qui
479 1775 599 1846 post
636 1777 867 1830 edietum
889 1792 1042 1830 tuum
1073 1776 1133 1829 in
1169 1779 1355 1830 locum
1380 1779 1659 1831 erasorum
1689 1778 1801 1832 sub·

346 1848 447 1903 diti
470 1851 715 1913 &erana
756 1850 1056 1921 aequatique
1091 1851 1213 1903 sunt
1252 1851 1444 1906 ceteris
1479 1852 1565 1905 illi
1590 1852 1802 1918 etiam,

347 1924 539 1993 quibus
551 1942 664 1977 non
680 1923 791 1979 erat
801 1924 1139 1993 promifl‘um.
1151 1926 1400 1995 Negotiis
1413 1927 1646 1996 aliquiS,
1659 1930 1799 1980 vale·

346 1997 531 2053 tudine
564 2000 734 2063 alius,
764 1999 855 2051 hie
889 1999 1062 2063 mari,
1099 1998 1192 2052 ille
1231 1999 1544 2055 fluminibus
1579 2001 1799 2055 distine-

284 2104 288 2109 ‚
348 2072 554 2126 batur.
598 2072 932 2142 exspestatus
961 2072 1088 2133 est·
1127 2074 1518 2143 provrsumque
1561 2092 1634 2128 ne
1682 2075 1798 2145 quis

344 2159 525 2216 ager,
568 2162 638 2198 ne
696 2146 815 2217 quis
867 2159 1156 2215 occupatus
1198 2187 1218 2211 ,
1266 2163 1336 2201 ne
1394 2147 1516 2217 quis
1566 2149 1804 2219 denique

346 2218 513 2306 longe
552 2218 774 2278 fuiffett
814 2220 1033 2275 veniret
1079 2220 1304 2291 quisque
1351 2239 1519 2292 quum
1574 2226 1802 2284 vellet3

346 2294 561 2347 veniret
590 2294 812 2364 quisque
849 2311 1018 2365 quum
1045 2294 1237 2362 pofl'et.
1270 2295 1661 2366 Magnificum,
1685 2259 1802 2351 Cae:

346 2367 430 2420 far
455 2407 472 2433 ,
516 2369 570 2421 &
611 2382 766 2421 tuum
800 2408 817 2433 ,
860 2368 1304 2434 disiunfflssirnas
1355 2384 1521 2423 terras
1577 2370 1802 2424 munifi·

347 2441 539 2495 centiae
561 2440 803 2511 ‘ingenio
848 2444 1003 2496 velut
1036 2445 1325 2495 admovere
1361 2483 1378 2508 ,
1432 2444 1804 2515 immensaque

347 2515 519 2585 spatia
553 2516 862 2569 liberalitate
900 2517 1211 2569 contrahere
1236 2535 1251 2570 ε
1286 2517 1618 2572 intercedere
1665 2520 1799 2572 casi-

349 2591 484 2654 bus,
525 2590 798 2643 occursare
834 2590 1103 2654 fortnnae,
1146 2604 1304 2660 atque
1356 2592 1511 2644 omni
1559 2609 1676 2661 ope
1711 2596 1799 2646 ad-

349 2664 491 2730 niti,
530 2680 598 2717 ne
637 2664 760 2734 quis
795 2682 828 2717 e
859 2666 1014 2733 plebe
1051 2629 1331 2728 R'omana,
1381 2668 1542 2720 dante
1577 2667 1801 2739 congia·

351 2738 496 2791 rium
542 2753 636 2802 te,
676 2738 957 2792 hominem
1007 2738 1180 2811 magis
1231 2739 1454 2793 sentiret
1501 2741 1560 2793 se
1606 2740 1803 2806 fuiffe,

355 2810 518 2884 squam
554 2812 752 2865 civem.

420 2885 639 2943 XXVI.
676 2887 1015 2941 Adventante
1048 2886 1310 2961 congiarii
1343 2887 1430 2943 die
1451 2927 1476 2955 ,
1515 2887 1807 2944 observare
