1951 3720
379 319 447 386 E
473 335 653 386 PIS
688 336 733 386 T
767 339 814 389 o
841 330 1003 390 L‘AE.
1031 320 1178 391 Lib.
1216 319 1308 391 X.
1426 341 1560 420 305

119 435 251 491 tutis
295 440 507 492 ratione
543 439 875 509 postposita,
909 443 962 494 ὅ(
996 440 1104 507 jam
1139 443 1300 506 fecit,
1335 444 1573 497 &fastu-
1640 440 1647 447 ’

119 529 204 564 rus
260 512 359 565 est.
422 513 629 579 Quibus
674 531 744 566 ex
786 516 958 567 causis
997 483 1414 570 necessitudines
1459 518 1573 582 eins

117 584 265 637 inter
303 603 452 638 meas
500 604 725 639 numero
761 627 776 651 ‚
813 587 989 640 filium
1030 589 1086 640 in
1123 590 1351 658 primi5‚
1394 592 1573 661 Nym-

118 657 373 725 phidium
399 659 605 727 Lupum
629 699 642 723 ‚
663 659 912 724 iuvenem
937 664 1201 729 probum,
1226 664 1533 716 industrium
1557 703 1574 729 ,

121 731 170 783 &
202 732 437 801 egregio
472 748 620 800 patre
657 734 1068 819 dignissimum,
1107 735 1444 789 suffecturum
1487 737 1573 789 in-

121 805 417 874 dulgentiae
457 820 596 866 tuae;
642 807 783 859 sicut
812 808 1001 875 primis
1043 807 1157 872 ejus
1187 811 1573 878 experimentis

122 879 458 961 cognoscere
480 894 672 947 potes,
698 897 862 948 quum
899 881 1174 949 praefeaus
1200 882 1437 935 cohortis
1457 885 1577 951 ple·

121 950 420 1003 nissimum
468 951 828 1005 testimonium
876 955 1130 1015 meruerit
1176 955 1310 1009 Julii
1360 955 1578 1009 Ferocis

125 1024 174 1075 &
216 1024 383 1077 Fusci
431 1025 744 1078 Salinatoris
780 1066 797 1090 ,
845 1027 1262 1080 clarissimorum
1306 1029 1575 1083 virorum.

125 1097 320 1149 Meum
360 1098 607 1167 gaudium
635 1138 651 1161 ,
686 1099 963 1165 Domine,
1003 1119 1121 1154 mea
1155 1102 1437 1172 gratulatio
1473 1101 1578 1155 filii

122 1171 340 1224 honore
382 1172 705 1225 continetur.

174 1291 327 1345 XX.
379 1291 708 1344 Pmmus
747 1292 1125 1346 TRAIANO
1164 1294 1430 1349 Inrita.
1470 1295 1527 1349 S.

334 1413 423 1463 De
453 1428 642 1481 recepta
683 1409 983 1479 accusatione
1011 1414 1170 1465 Marii
1199 1413 1374 1483 Prisci.

130 1494 223 1588 U
245 1549 285 1587 ‘r
321 1533 557 1604 primum
587 1551 672 1586 me
694 1574 708 1597 ‚
746 1536 987 1588 Domine
1008 1575 1023 1598 ‚
1050 1535 1376 1606 indulgentia
1404 1535 1579 1591 vestra

131 1608 421 1676 promovit
454 1610 518 1660 ad
556 1607 917 1675 praefed'turam
961 1609 1132 1660 aerarii
1163 1609 1414 1672 Saturni,
1454 1628 1578 1662 om·

132 1681 290 1734 nibus
312 1681 755 1733 advocationibus
776 1721 790 1744 ‚
815 1682 1004 1750 quibus
1024 1682 1267 1750 alioquin
1289 1699 1579 1750 numquam

132 1772 278 1807 eram
313 1753 616 1823 promiscue
652 1754 860 1807 funCms
899 1794 916 1818 ‚
964 1754 1314 1818 renuntiavi,
1354 1772 1414 1806 ιιι
1456 1771 1578 1807 toto

134 1829 319 1882 animo
342 1870 359 1893 ‚
396 1831 637 1898 delegato
675 1828 808 1880 mihi
845 1826 1026 1880 officio
1060 1845 1321 1881 vacarem.
1364 1829 1484 1894 Qua
1509 1845 1581 1881 ex

135 1905 286 1955 causa
320 1921 487 1972 quum
510 1917 793 1970 patronum
814 1919 900 1954 me
922 1901 1280 1970 provinciales
1319 1901 1581 1969 optassent

136 1993 321 2029 contra
347 1976 582 2028 Marium
618 1974 850 2026 Priscum
871 2014 885 2036 ,
923 1977 977 2026 &
1012 1974 1145 2043 petii
1180 1974 1393 2026 veniam
1417 1973 1576 2038 hujus

133 2049 374 2103 muneris
413 2050 465 2101 δι
495 2048 802 2116 impetravi.
845 2049 946 2099 Sed
980 2065 1143 2115 quum
1181 2047 1362 2116 postea
1391 2050 1582 2101 consul

138 2124 441 2193 designatus
479 2120 757 2173 censuiffet
789 2123 1045 2191 agendum
1093 2121 1400 2184 nobiscum,
1438 2139 1580 2189 quo-

137 2214 252 2249 rum
284 2210 400 2249 erat
427 2195 702 2248 excusatio
738 2209 984 2261 recepta,
1007 2210 1068 2246 ut
1101 2193 1364 2246 effemus
1348 2211 1406 2246 m
1431 2195 1583 2247 sena-

139 2270 217 2322 tus
254 2268 558 2337 potestate,
596 2283 1011 2351 pateremurque
1041 2266 1259 2319 nomina
1295 2267 1469 2319 nostra
1522 2268 1581 2320 in

139 2359 321 2395 umam
365 2341 562 2406 conjici
594 2380 610 2403 ‚
669 2339 1240 2393 convenientissimum
1290 2340 1393 2393 esse
1435 2357 1581 2393 tran·

140 2415 391 2484 quillitati
429 2414 590 2466 seculi
620 2414 700 2465 tui
737 2413 960 2481 putavi,
994 2413 1281 2480 prasertim
1319 2430 1425 2465 tam
1456 2425 1581 2466 mo-

140 2490 328 2540 deratae
363 2488 636 2539 voluntati
673 2485 992 2554 amplissimi
1024 2486 1229 2539 ordinis
1271 2503 1385 2538 non
1420 2505 1581 2555 repu-

144 2578 319 2630 gnare.
390 2560 494 2612 Cui
548 2559 807 2628 obsequio
862 2575 988 2610 tneo
1032 2574 1165 2626 opto
1213 2573 1273 2610 ut
1312 2559 1581 2612 existimes

146 2634 381 2687 constare
413 2633 676 2684 rationem
699 2672 715 2695 ,
762 2650 925 2700 quum
950 2631 1131 2684 omnia
1171 2631 1304 2684 faCta
1339 2633 1583 2700 diflaque

145 2722 262 2760 mea
291 2709 515 2777 probare
552 2704 896 2760 sanctissimis
934 2704 1172 2759 moribus
1202 2704 1309 2758 tuis
1347 2705 1584 2775 cupiam.
