1951 3720
441 287 1337 370 EptsToLAE.Lib.11L
1412 376 1421 384 ,
1512 316 1609 386 79

158 428 290 482 parte
322 412 525 463 vendita
544 409 849 463 Baeticorum.
890 409 1047 463 Circa
1075 409 1373 479 Hispanum
1398 413 1450 464 δί
1474 412 1606 466 Pro-
1678 401 1684 410 ’

161 488 278 538 bum
301 487 535 537 multum
555 484 784 538 sudoris.
826 485 1049 536 Hornm‘
1071 500 1356 553 antequam
1380 486 1609 541 crimina

163 558 463 628 ingrederer
482 597 500 622 ‚
520 557 870 610 necefi‘arium
891 558 1095 610 credidi
1108 560 1379 611 elaborare
1395 575 1458 612 ut
1474 577 1607 612 con-

159 630 305 684 staret
324 672 341 697 ,
383 631 743 684 ministerium
774 631 982 684 crimen
1005 631 1141 690 cffe3
1174 634 1323 701 quod
1344 632 1453 684 nisi
1477 633 1608 686 effe·-

159 704 335 758 cifi'em
358 746 375 769 ‚
392 704 583 757 frustra
611 704 888 757 ministros
909 703 1223 773 probaffem.
1249 705 1439 775 Neque
1459 707 1607 759 enim

158 778 227 830 ita
260 780 679 831 defendebantur
695 793 758 831 ut
779 793 1032 847 negarent
1047 818 1065 842 ,
1087 779 1176 831 sed
1203 793 1264 830 ut
1294 781 1610 833 necessitati

158 854 367 904 veniam
390 867 741 920 precarentur
764 871 779 903 ε
817 850 921 904 effe
943 853 1095 904 enim
1122 853 1175 904 se
1199 854 1566 920 provinciales
1589 893 1607 918 ‚

159 924 208 976 ὅ(
238 927 303 977 ad
340 942 508 977 omne
541 925 928 993 proconsulum
958 924 1249 993 imperium
1284 943 1432 979 meru
1456 933 1600 996 cogi.

157 998 298 1051 Solet
333 999 518 1051 dicere
564 998 818 1051 Claudius
843 998 1134 1051 Restitutus
1162 1038 1176 1063 ‚
1216 1000 1310 1068 qui
1339 1000 1476 1052 mihi
1518 1018 1605 1053 re-

156 1071 367 1138 spondit
386 1111 406 1136 ‚
436 1072 532 1124 vir
566 1072 892 1124 exercitatus
930 1073 985 1125 δι
1015 1072 1252 1142 vigilans
1274 1111 1289 1135 ‚
1329 1075 1381 1124 δι
1414 1089 1602 1142 quam-

154 1145 278 1197 libet
298 1144 498 1198 subitis
518 1160 734 1212 paratus
755 1184 770 1209 ‚
797 1161 1095 1213 numquam
1113 1145 1215 1197 sibi
1236 1161 1443 1200 tantum
1468 1148 1601 1199 cali-

155 1218 289 1286 ginis
329 1257 345 1282 ,
392 1233 609 1269 tantum
656 1218 1085 1285 perturbationis
1117 1218 1355 1270 offusum
1372 1259 1387 1283 ‚
1442 1220 1605 1288 quam.

153 1308 312 1359 quum
349 1309 414 1343 ea
463 1307 726 1359 praerepta
779 1292 833 1343 &
888 1305 1109 1343 extorta
1150 1291 1451 1344 defensioni
1497 1293 1605 1346 suae

155 1371 421 1429 cerum-et,
444 1364 505 1415 in
525 1364 721 1432 quibus
755 1382 981 1417 omnem?
1006 1364 1255 1417 fiduciam
1293 1367 1602 1432 reponebat.

155 1438 392 1491 Consilii
421 1437 604 1489 nostri*
629 1439 810 1491 exitus
843 1439 984 1491 fuit:
1015 1440 1155 1490 bona
1193 1438 1453 1502 Classici,
1482 1454 1602 1508 qun

151 1510 409 1565 habuifl‘et
460 1527 585 1563 ante
628 1511 973 1581 provinciam
1004 1551 1021 1575 ,
1069 1511 1275 1580 placuit
1323 1512 1530 1566 senatui
1571 1531 1603 1566 a

152 1586 372 1655 reliquis
393 1585 629 1653 separari
648 1604 668 1645 ·,
702 1586 795 1638 illa
826 1585 955 1638 filim
973 1624 990 1648 .,
1021 1586 1138 1638 hac
1161 1586 1406 1654 spoliatis
1436 1587 1602 1639 relin-

154 1660 259 1728 qui.
302 1659 569 1713 Additum
593 1659 666 1712 est
688 1674 749 1711 ut
776 1658 1022 1727 pecuniae
1043 1698 1059 1723 ‚
1091 1674 1222 1727 quas
1246 1659 1609 1713 creditoribus

156 1734 388 1787 solverat
406 1773 424 1797 ,
461 1749 866 1786 revocarentur.
909 1733 1180 1802 Hispanus
1217 1732 1272 1785 ἃ
1303 1733 1507 1786 Probus
1543 1731 1607 1785 in

155 1808 587 1879 quinquennium
612 1806 872 1877 relegati:
905 1808 1039 1860 adeo
1075 1821 1238 1878 grave
1274 1806 1451 1858 visum
1489 1805 1563 1857 est
1585 1847 1607 1872 ,

153 1885 294 1951 quod
337 1881 511 1935 imitio
566 1881 898 1934 dubitabatur
922 1920 936 1945 ‚
985 1898 1054 1933 an
1113 1880 1343 1934 omnino
1392 1880 1609 1934 crimen.

157 1954 288 2009 effer.
333 1955 462 2008 Post
501 1972 706 2023 paucos
741 1955 851 2006 dies
888 1955 1136 2007 Clavium
1178 1955 1408 2007 Fuscum
1449 1957 1599 2007 Clas-

158 2029 250 2082 sici
283 2046 548 2100 generum
568 2067 584 2093 ,
628 2031 686 2081 &
715 2028 1009 2080 Stilonium
1046 2028 1286 2080 Priscum
1310 2068 1326 2092 ,
1367 2028 1461 2097 qui
1498 2029 1599 2081 tri-

157 2103 320 2154 bunus·
352 2103 602 2154 cohortis
644 2103 737 2154 sub
776 2102 1019 2155 Classico
1057 2102 1231 2154 fuerat
1262 2142 1275 2164 ‚
1320 2102 1601 2154 accusavi-

158 2192 268 2229 mus
302 2176 510 2243 dispari
544 2191 762 2228 eventu.
815 2176 999 2227 Prisco
1037 2175 1097 2227 in
1135 2175 1412 2228 biennium
1445 2176 1599 2228 ltalia

158 2247 496 2302 interdictum
519 2267 533 2300 ε
567 2249 840 2301 absolutus
856 2248 1164 2302 estFuscus.
1190 2249 1418 2301 Actione
1441 2249 1598 2302 tertia

160 2322 659 2375 commodissimum
696 2322 1008 2391 putavimus
1031 2325 1208 2391 plures
1233 2336 1559 2392 congregare
1582 2362 1600 2391 ,

159 2411 219 2447 ne
240 2435 256 2459 ‚
281 2396 330 2448 si
359 2396 579 2464 longius
620 2394 747 2448 effet
780 2396 1014 2448 atracia
1051 2395 1295 2467 cognitio
1317 2436 1332 2459 ‚
1357 2397 1598 2449 satietate

162 2469 209 2520 δι
244 2469 409 2521 taedio
448 2471 683 2537 quodam
723 2468 923 2534 iustitia
963 2468 1407 2538 cognoscentium
1444 2472 1599 2522 seve-

159 2542 385 2612 ritasque
417 2544 821 2611 languesceret:
860 2543 1108 2611 alioquin
1145 2544 1450 2611 supererant
1493 2542 1599 2596 mi·

162 2631 312 2668 nores
334 2615 451 2678 rei,
484 2616 600 2667 data
624 2617 789 2683 operi
821 2617 964 2669 hunc
1004 2617 1063 2668 in
1091 2619 1278 2670 locum
1301 2616 1555 2669 reservati
1579 2636 1597 2677 ς

160 2688 380 2757 excepta
413 2688 598 2741 tament
621 2689 845 2742 Classici
864 2706 1038 2742 uxore
1061 2730 1076 2754 ‚
1108 2706 1228 2759 quae
1250 2689 1393 2743 sicut
1415 2690 1598 2758 impli-

161 2760 259 2812 cita
291 2762 683 2830 suspicionibus
704 2802 719 2826 ‚
757 2762 830 2815 ita
862 2779 974 2815 non
1014 2764 1137 2816 satis
1172 2763 1427 2817 convinci
1465 2779 1594 2831 pro-

161 2833 457 2888 bationibus
489 2836 605 2888 visa
642 2835 732 2887 est.
777 2839 915 2889 Nam
953 2837 1179 2890 Classici
1202 2838 1312 2890 filia
1333 2877 1347 2900 ‚
1387 2853 1503 2905 quae
1543 2837 1597 2887 δι

162 2905 272 2975 ipsa
308 2908 449 2963 inter
482 2926 606 2964 reos
646 2924 760 2964 erat
787 2948 803 2976 ‚
845 2927 913 2964 ne
947 2911 1341 2981 suspicionibus
1378 2909 1596 2979 quidem

1203 2986 1256 3036 D
1277 2982 1336 3037 iv
