1951 3720
405 335 542 406 1-44
742 314 1008 396 cut
1072 315 1499 383 PLINII

390 437 522 490 tinis
560 476 576 502 ‚
619 436 1054 507 Praenestinisque
1106 437 1243 490 meis
1303 452 1630 508 praeponam.
1680 440 1817 493 Nam

386 512 547 579 super
569 513 658 563 illa
680 529 794 580 quae.
815 513 1004 574 retuli,
1021 512 1181 564 altius
1201 512 1274 562 ibi
1295 512 1475 564 otium
1489 512 1787 588 &pinguius
1801 553 1816 578 ‚

389 582 565 656 eoque
585 586 849 638 securius:
876 588 1021 637 nulla
1044 585 1335 638 necessitas
1359 599 1538 653 toga,
1572 594 1747 654 uerno
1753 604 1816 648 ar·

389 659 618 717 cessitoi·
654 676 726 711 ex
772 658 1048 727 proximo,
1108 658 1315 710 Placida
1354 658 1537 710 omnia
1579 660 1632 710 &
1656 642 1835 740 quies-1

388 732 605 791 centia;
645 734 789 801 quod
820 732 996 800 ipsum
1026 732 1316 784 salubritati
1353 730 1631 800 regionis,
1666 736 1733 798 ιιι·
1724 735 1831 816 Ριι,

388 805 501 858 rius
533 807 771 869 coelum,
806 821 865 857 ut
899 805 992 857 aer
1022 805 1321 894 liquidior,
1362 771 1700 857 accedit.’1bi
1725 804 1818 857 ani·

388 894 482 931 mo
508 918 523 942 ‚
568 879 642 931 ibi
689 895 916 947 corpore
967 877 1203 932 maxime
1235 880 1413 931 valeo.
1472 880 1613 929 Nam
1651 861 1816 948 studiis*

387 951 625 1010 animum
646 992 661 1016 ‚
694 967 892 1004 venatu
930 968 1126 1021 corpus
1168 968 1415 1005 exerceo·
1460 951 1579 1003 Mei
1622 968 1816 1020 quoque

388 1025 647 1093 nusquam
698 1025 972 1078 salubrius‘
1002 1029 1199 1096 degunt
1230 1045 1244 1079 ι
1276 1026 1442 1093 usque
1487 1026 1655 1086 adhuc
1693 1023 1816 1078 certe

386 1099 661 1151 neminem
698 1116 770 1151 ex
810 1099 876 1151 iis
910 1116 1049 1167 quos
1081 1101 1366 1152 eduxeram
1390 1114 1602 1150 mecum
1636 1098 1815 1167 (venia

387 1176 458 1223 sit
482 1170 670 1238 disto)
702 1172 776 1225 ibi
798 1173 973 1238 amisi.
1007 1173 1106 1226 Dii
1141 1171 1305 1225 modo
1343 1171 1401 1224 in
1427 1170 1698 1238 posterum
1729 1173 1815 1224 hoc

385 1243 523 1298 mihi
546 1246 794 1315 gaudium
813 1286 828 1311 ,
862 1247 998 1298 hanc
1019 1245 1245 1316 gloriam
1263 1247 1389 1311 loco
1408 1244 1645 1299 servent.
1677 1245 1820 1314 Valeq

397 1375 400 1378 ·
476 1366 650 1420 VIL·
675 1366 1023 1432 ’Pinnos
1059 1369 1453 1419 CALVISIO
1496 1379 1647 1419 suo
1684 1367 1738 1421 S.

392 1518 399 1525 ,
440 1431 754 1515 Ηιιτιίὶειιείιἶ
766 1478 952 1533 partem
966 1498 983 1522 ,
1013 1440 1123 1542 jure
1163 1463 1427 1527 destitutam
1445 1496 1461 1523 ,
1480 1464 1658 1532 patriae
1686 1461 1774 1533 fica

748 1577 905 1612 ratam
945 1560 994 1611 6·
1009 1560 1200 1630 fimum
1238 1558 1327 1627 effe
1349 1560 1472 1612 vult.

388 1639 558 1738 N
510 1698 545 1736 Ε
561 1698 595 1737 c
644 1685 893 1739 heredem
937 1681 1173 1749 institui,
1207 1701 1306 1744 nec
1342 1685 1639 1756 praecipere
1686 1684 1814 1756 pofl'e

382 1753 785 1828 Rempublicam
828 1758 1076 1812 constat·
1114 1758 1428 1813 Saturninus
1478 1776 1698 1824 autem,
1737 1760 1815 1829 qui

381 1844 485 1883 nos
529 1833 746 1903 reliquit
781 1834 1000 1887 heredes
1038 1871 1054 1897 ‚
1107 1833 1451 1902 quadrantem
1506 1834 1815 1903 Reipublicae

381 1904 573 1958 nostrae
611 1945 627 1971 ‚
677 1907 864 1960 deinde
915 1923 1017 1976 pro
1069 1909 1355 1976 quadrante
1411 1908 1813 1975 praeceptionem
1874 1936 1877 1941 -

384 1980 892 2049 quadringentorum
936 1980 1170 2031 millium
1213 1978 1376 2030 dedit.
1431 1980 1548 2031 Hoc
1588 2017 1604 2043 ‚
1661 1979 1706 2032 si
1740 1978 1811 2044 jus

380 2052 636 2120 adspicias
658 2092 675 2118 ‚
713 2052 959 2113 irritum·‚
994 2052 1040 2104 si
1071 2052 1303 2104 defuncti
1334 2054 1676 2105 voluntatem
1696 2091 1711 2116 ‚
1741 2069 1809 2105 ra-

380 2132 496 2177 tum
518 2127 571 2178 δε
592 2125 806 2179 firmum
826 2126 915 2179 est.
945 2126 1100 2186 xMihi
1122 2140 1299 2177 autem
1317 2125 1551 2178 defundii
1575 2128 1810 2179 voluntas

381 2199 617 2264 (vereor
647 2217 805 2269 quam
834 2199 893 2251 in
917 2215 1123 2267 partem
1151 2198 1511 2264 jurisconsulti
1543 2202 1692 2268 quod
1711 2199 1809 2251 sum

379 2271 610 2325 ditsturus
649 2273 953 2342 accipiant)
987 2273 1259 2341 antiquior
1277 2271 1390 2335 iure
1409 2271 1519 2332 est·,
1551 2273 1736 2343 utique
1760 2273 1810 2333 in

378 2361 448 2397 eo
464 2349 607 2414 quod
629 2349 692 2399 ad
713 2364 1055 2411 communem
1083 2346 1309 2414 patriam
1321 2347 1501 2399 voluit
1517 2349 1807 2414 pervenire,

377 2418 464 2469 An
487 2420 573 2470 cui
603 2421 665 2472 de
685 2437 807 2473 meo
828 2421 1120 2473 sestertium
1141 2420 1392 2472 undecies
1416 2421 1662 2485 contuli,
1700 2419 1807 2472 huic

335 2558 342 2563 ἢ
379 2493 885 2563 quadringentorum
917 2494 1151 2547 millium
1170 2492 1332 2562 paulo
1361 2494 1592 2562 amplius
1613 2494 1806 2547 tertiam

376 2581 582 2635 partem
607 2584 677 2619 ex
710 2567 1008 2620 adventitio
1038 2569 1294 2637 denegem
1319 2569 1342 2620 ἓ
1379 2567 1504 2620 Scio
1528 2581 1585 2619 te
1608 2582 1806 2636 quoque

376 2655 409 2697 a
446 2638 645 2703 judicio
682 2658 806 2692 meo
847 2658 961 2694 non
1003 2642 1286 2694 abhorrere
1309 2680 1326 2705 ,
1368 2657 1534 2710 quum
1581 2644 1804 2703 eamdem

376 2712 778 2782 Rernpublicam
820 2730 881 2767 ut
928 2714 1065 2767 civis
1101 2712 1341 2782 optimus
1379 2713 1587 2784 diligas,
1635 2712 1803 2767 Velim

376 2786 544 2856 erg0,
582 2805 744 2856 quum
775 2787 1025 2856 proxime
1056 2786 1368 2841 decuriones
1403 2789 1803 2853 contrahentur,

380 2859 507 2927 quid
541 2860 614 2912 sit
643 2859 773 2925 juris
805 2862 1042 2915 indices·
1031 2897 1046 2921 ‚
1083 2859 1240 2931 parce
1270 2874 1449 2913 tamen
1470 2862 1522 2913 δι
1546 2858 1802 2915 modeste:

377 2932 567 2999 deinde
588 2931 866 3013 subjungas
886 2952 990 2990 nos
1009 2935 1389 3011 quadringenta
1406 2934 1575 2991 millia
1592 2933 1803 3058 offerret,

1676 3007 1779 3061 sicu
