1951 3720
362 332 458 431 98
686 331 955 401 CAJI
1033 329 1535 404 ΡιιΝιι,

444 668 878 756 LIBER
1001 665 1738 778 QUARTUS.

364 840 412 894 1.
466 839 528 892 C.
570 837 830 890 Pumus
869 834 1127 886 Fun-ro
1168 831 1552 887 Paosocuo
1592 844 1739 885 svo.
1764 833 1821 896 s,

423 960 695 1012 Adventum
717 952 853 1025 suum
881 953 1152 1025 significat,
1189 955 1348 1005 eodem
1369 955 1555 1005 itinere
1574 954 1767 1023 Tiferni

814 1052 1035 1122 templum
1062 1051 1380 1103 dedicaturus.

379 1140 468 1237 C
487 1193 530 1232 υ
549 1194 581 1232 ι’
599 1193 623 1232 1
641 1191 668 1230 s
713 1173 834 1246 post
883 1176 1107 1244 longum
1152 1187 1364 1242 tempus
1416 1188 1638 1260 neptem
1679 1186 1829 1229 tuam

293 1311 299 1317 ,
372 1251 568 1326 'meque
590 1250 696 1304 una
734 1250 935 1303 videre.
981 1247 1207 1300 Gratum
1237 1246 1311 1299 est
1346 1248 1558 1317 utrique
1589 1248 1829 1302 nostrum

378 1328 526 1396 quod
562 1325 752 1393 cupis-3
791 1319 982 1376 mutuo
1036 1322 1354 1375 mehercule.
1405 1323 1545 1374 Nam
1584 1321 1829 1375 invicem

377 1418 483 1454 nos
499 1397 802 1452 incredibili
825 1397 1056 1465 quodam
1075 1394 1342 1447 desiderio
1361 1394 1522 1447 vestri
1544 1410 1831 1461 tenemur,

381 1476 531 1544 quod
558 1490 671 1525 non
692 1469 829 1523 ultra
860 1467 1184 1522 differemus.
1217 1469 1393 1537 Atque
1424 1470 1557 1520 adeo
1593 1468 1705 1553 jam
1733 1471 1835 1522 sar·

382 1550 587 1599 cinulas
623 1545 942 1614 alligamuS,
985 1541 1274 1595 festinaturi
1318 1557 1575 1610 quantum
1616 1542 1832 1597 itineris

383 1621 525 1674 ratio
575 1617 890 1688 permiserit
937 1616 1052 1670 Erit
1090 1632 1242 1679 una,
1290 1615 1379 1668 sed
1417 1616 1598 1668 brevis
1630 1634 1832 1670 mora:

384 1692 725 1748 defle&emus
758 1690 815 1742 in
833 1691 1073 1752 Tuscos,
1105 1706 1218 1741 non
1237 1705 1298 1741 ut
1319 1706 1474 1759 agros
1501 1707 1725 1759 remque
1752 1691 1835 1743 fa-

387 1767 653 1821 miliarem
688 1764 859 1818 oculis
898 1761 1276 1833 subjiciamus(
1310 1765 1364 1815 id
1401 1763 1546 1817 enim
1582 1763 1837 1832 postponi

386 1840 600 1911 potest)
621 1839 709 1893 sed
731 1852 789 1891 ut
806 1839 1086 1908 fungamur
1103 1835 1393 1891 necefl‘ario
1411 1837 1609 1891 officio.
1650 1838 1837 1908 Oppi·

388 1917 513 1969 dum
550 1913 624 1967 est
660 1912 869 1989 praediis
900 1909 1094 1966 nostris
1126 1912 1408 1977 vicinum,
1441 1929 1642 1964 nomen
1666 1913 1840 1967 Tifer·

389 2005 520 2043 num
561 1980 902 2048 Tiberinum,
934 1987 1081 2054 quod
1114 2002 1203 2038 me
1231 2001 1368 2057 pene
1399 1988 1570 2038 adhuc
1608 2003 1839 2055 puerum

390 2077 679 2132 patronum
708 2059 992 2129 cooptavit
1009 2057 1160 2119 tanto
1179 2058 1383 2126 majore
1402 2058 1607 2122 studio,
1631 2059 1838 2129 quanto

391 2136 607 2189 minore
625 2134 844 2200 judicio.
865 2134 1143 2185 Adventus
1164 2149 1318 2186 meos
1342 2135 1595 2196 celebrat,
1621 2135 1840 2202 profec-

391 2209 632 2263 tionibus
664 2208 908 2278 angitur,
940 2206 1238 2261 honoribus
1267 2208 1474 2279 gaudet.
1512 2209 1575 2259 In
1595 2208 1704 2260 hoc
1733 2225 1840 2278 ego

392 2298 454 2337 ιιι
475 2283 723 2335 referrem
743 2281 970 2351 gratiam
989 2282 1152 2349 (nam
1169 2280 1321 2334 vinci
1340 2280 1405 2332 in
1426 2297 1609 2334 amore
1633 2282 1840 2350 turpis-

394 2356 594 2410 simum
614 2355 721 2423 est)
739 2358 1000 2424 templum
1019 2371 1136 2406 mea
1156 2354 1379 2423 pecunia
1398 2354 1668 2414 exstruxi3
1689 2354 1839 2421 cujus

393 2428 826 2492 dedicationem,
863 2445 1028 2498 quum
1051 2428 1124 2481 sit
1156 2442 1433 2497 paratum,
1465 2426 1681 2481 differre
1716 2431 1840 2482 lon·

397 2503 555 2589 gine,
595 2502 950 2573 irreligiosum
980 2501 1071 2556 est.
1109 2501 1319 2555 Erimus
1351 2518 1482 2571 ergo
1518 2501 1596 2554 ibi
1627 2502 1841 2556 dedica·

396 2577 570 2630 tionis
595 2576 715 2640 die,
751 2594 909 2646 quem
927 2577 1091 2643 epulo
1114 2577 1372 2628 celebrare
1390 2574 1664 2629 constitui.
1704 2577 1840 2628 Sub·

396 2650 639 2705 sistemus
686 2649 898 2703 fortaffe
934 2650 988 2701 &
999 2648 1304 2733 sequenti:
1338 2648 1427 2700 sed
1473 2646 1623 2700 tanto
1667 2649 1838 2719 magis

397 2725 548 2779 viam
595 2723 764 2791 ipsam
812 2722 1201 2791 corripiemus„
1243 2723 1535 2792 Contingat
1572 2720 1740 2775 modo
1787 2736 1842 2775 te

398 2797 676 2866 filiamque
698 2812 842 2850 tuam
864 2798 1030 2850 fortes
1053 2794 1303 2849 invenire
1325 2800 1338 2849 Ξ
1367 2813 1488 2848 nam
1510 2795 1707 2848 hilares
1726 2813 1842 2850 cer·

404 2886 522 2931 tum
551 2870 625 2928 est
644 2909 661 2939 ,
686 2870 734 2926 si
763 2888 865 2927 nos
888 2869 1186 2925 incolumes
1205 2870 1534 2941 receperitis-
1570 2869 1734 2926 Vale.
