1951 3720
339 354 429 427 68
675 353 1453 423 CA11‘PL1NII

333 476 597 530 Genitore
634 494 720 529 me
763 477 1074 545 sponsorem
1110 475 1306 543 accipe.
1371 474 1519 527 Nihil
1561 490 1633 527 ex
1669 475 1781 546 hoc

334 549 459 602 viro
499 549 641 603 filius
672 566 793 602 tuus
828 550 1040 611 audiet,
1085 549 1190 600 nisi
1232 548 1605 616 profuturum:
1643 548 1783 602 nihil

243 622 262 641 ⁶
333 618 531 687 discet,
569 625 713 691 quod
747 621 961 675 nesciffe
993 622 1184 674 reEkius
1219 622 1395 673 fuerit.
1448 623 1560 673 Nec
1599 621 1783 673 minus

330 695 470 762 saepe
512 698 574 747 ab
623 696 719 747 illo
758 694 915 765 quam
964 712 994 746 a
1041 709 1094 746 te
1141 710 1331 762 meque
1372 693 1781 757 admonebitur,

334 769 523 835 quibus
572 768 888 837 imaginibus
935 782 1188 820 oneretur
1221 807 1236 830 ‚
1289 784 1404 835 quae
1462 766 1683 818 nomina
1728 767 1784 817 ὅτ.

334 850 528 908 quanta
547 841 808 894 sustineat.
856 840 1084 892 Proinde
1105 879 1120 903 ‚
1159 839 1456 892 faventibus
1481 840 1581 891 diis
1599 877 1611 901 ‚
1635 841 1783 890 trade

332 930 456 964 eum
492 913 851 981 praeceptori,
890 930 919 964 a
961 931 1069 982 quo
1109 929 1285 964 mores
1325 912 1556 979 primum
1583 952 1597 975 ,
1642 928 1784 962 mox

336 987 701 1054 eloquentiam
726 988 885 1039 discat
909 1026 923 1050 ,
956 1003 1073 1056 quae
1106 985 1246 1038 male
1273 985 1388 1038 sine
1421 986 1657 1037 moribus
1683 984 1786 1036 dis-

335 1057 492 1113 citur.
539 1060 690 1114 Vale.

419 1181 567 1233 >1V.
610 1180 942 1232 Primus
983 1180 1370 1231 MACRINO
1412 1182 1559 1231 suo
1600 1181 1657 1233 S.

379 1299 563 1374 Quibus
593 1300 835 1352 momentis
869 1299 1087 1349 adduffus
1125 1288 1482 1351 advocationem
1517 1301 1749 1371 receperit

500 1414 593 1464 pro
626 1394 820 1447 Baeticis
862 1409 1030 1445 contra
1062 1391 1299 1449 Caecilium
1335 1392 1609 1445 Classicum.

342 1516 438 1640 Q
462 1578 718 1617 UAMVIS
747 1566 797 1617 &
822 1563 978 1616 amici
1011 1580 1145 1633 quos
1170 1564 1452 1631 praesentes
1481 1563 1735 1615 habebam
1769 1604 1784 1628 ‚

339 1639 394 1689 δε
429 1639 698 1690 sermones
744 1638 1026 1689 hominum
1065 1636 1258 1690 factum
1309 1652 1486 1687 meum
1527 1653 1784 1704 compro·

336 1710 474 1763 baffe
503 1711 783 1763 videantur
809 1750 823 1773 ,
862 1710 1040 1780 magni
1065 1724 1241 1761 tamen
1263 1709 1458 1761 aestimo
1496 1709 1628 1761 scire
1653 1711 1789 1779 quid

338 1784 531 1836 sentias
551 1800 626 1836 tu.
653 1785 789 1835 Nam
810 1782 955 1846 cujus
977 1783 1180 1852 integra
1201 1801 1256 1835 re
1282 1782 1566 1835 consilium
1587 1784 1787 1851 exqui-

339 1875 457 1912 rere
506 1856 762 1926 optaffem
795 1897 810 1921 ,
857 1855 1013 1921 hujus
1067 1858 1226 1909 etiam
1268 1855 1475 1925 peracta
1524 1855 1785 1921 judicium

338 1929 488 1982 noffe
534 1929 670 1983 mire
710 1930 1048 1999 concupisco.
1115 1931 1297 1996 Quum
1335 1928 1604 1997 publicum
1642 1948 1786 1998 opus

338 2003 459 2054 mea
488 2003 712 2070 pecunia
754 2003 1093 2063 inchoaturus
1120 2005 1177 2054 in
1207 2005 1408 2054 Tuscos
1446 2004 1787 2056 excucurris-

339 2075 451 2128 sem
472 2115 486 2138 ,
513 2091 729 2144 accepto
752 2115 766 2139 ‚
801 2091 860 2127 ut
884 2076 1158 2143 praefectus
1186 2075 1360 2127 aerarii
1383 2115 1396 2139 ,
1441 2091 1746 2128 commeatu
1768 2118 1782 2141 ,

338 2149 501 2218 legati
516 2149 809 2216 provinciae
824 2150 1028 2201 Baeticae
1045 2190 1059 2212 ,
1089 2149 1314 2218 questuri
1329 2151 1390 2200 de
1405 2150 1785 2216 proconsulatu

342 2222 548 2273 Caecilii
588 2222 845 2284 Classici,
878 2225 1194 2275 advocatum
1226 2239 1310 2274 me
1343 2239 1371 2273 a
1400 2223 1581 2274 senatu
1616 2223 1784 2289 petie·

338 2310 481 2347 runt.
526 2297 757 2364 Collegae
789 2295 982 2362 optimi
1008 2336 1023 2359 ‚
1056 2296 1266 2364 meique
1290 2295 1640 2347 amantissimi
1666 2335 1682 2360 ,
1720 2298 1784 2349 de

340 2368 642 2419 communis
664 2369 825 2420 officii
845 2369 1244 2421 necessitatibus
1268 2369 1545 2436 praelocuti
1571 2409 1585 2431 ‚
1616 2386 1783 2421 excu-

340 2440 453 2493 sare
487 2457 572 2492 me
597 2442 650 2492 &
678 2441 913 2493 eximere
949 2456 1234 2494 tentarunt.
1274 2442 1486 2493 FaCtum
1522 2441 1595 2493 est
1631 2443 1782 2494 sena-

339 2514 726 2565 tusconsultum
780 2532 1036 2583 perquam
1079 2514 1439 2567 honorificum
1471 2554 1487 2577 ,
1539 2532 1590 2564 ut
1643 2519 1787 2566 darer

335 2588 711 2656 provincialibus
742 2605 1010 2654 patronus,
1047 2591 1088 2639 si
1121 2589 1178 2638 ab
1206 2586 1307 2654 ipso
1337 2607 1406 2638 me
1442 2588 1777 2655 impert-affetu.

341 2658 527 2728 Legati
556 2661 730 2711 rursus
757 2660 953 2711 industi
973 2700 988 2724 ‚
1018 2661 1210 2713 iterum
1234 2659 1443 2723 mejam
1467 2662 1779 2727 praesentem

344 2734 662 2785 advocatum
712 2733 1109 2800 postulaverunt
1146 2774 1160 2798 ‚
1220 2734 1567 2800 implorantes
1619 2733 1778 2786 fidem

342 2822 517 2858 meam
535 2845 549 2869 ‚
590 2823 747 2873 quam
782 2804 944 2857 effent
978 2822 1162 2859 contra
1185 2805 1404 2858 Mass‘am
1427 2806 1663 2857 Baebium
1683 2825 1776 2858 ex-

277 2925 284 2929 .
344 2878 482 2945 perti
520 2917 533 2940 ‚
574 2882 856 2947 allegantes
896 2879 1181 2947 patrocinii
1220 2881 1412 2932 foedus,
1474 2881 1663 2930 Secuta
1709 2879 1778 2934 est

342 2950 551 3006 senatus
595 2951 883 3006 clarissima
930 2951 1156 3007 affensio
1179 2991 1194 3018 ,
1243 2970 1358 3025 quae
1398 2953 1533 3005 solet
1574 2954 1819 3009 decreta„
