1951 3720
399 226 530 301 182
732 227 1481 298 CA111PLIN11

384 346 733 404 credidissem.
774 351 1011 403 Tandem
1036 349 1128 403 ina
1162 352 1336 422 caligo
1365 366 1578 405 tenuata
1601 355 1753 422 quasi
1769 353 1823 408 in

383 423 590 476 sumum
640 426 955 477 nebulamve
998 426 1225 477 decessit
1263 445 1276 477 ε
1314 443 1447 478 mox
1483 428 1602 479 dies
1625 427 1820 491 νέκυες

384 497 465 548 sol
517 497 678 549 etiam
718 496 919 549 effulsit
943 535 959 561 ‚
1002 500 1205 551 luridus
1254 514 1467 564 tamen,
1504 502 1676 569 qualis
1726 502 1825 555 effe

383 579 549 639 ‘quum
593 570 773 622 deficit
821 572 973 629 solet.
1043 573 1400 625 Occursabant
1445 576 1822 642 trepidantibus

382 645 551 695 adhuc
575 645 747 696 oculis
771 661 969 697 mutata
999 646 1183 698 omnia
1204 687 1219 710 ‚
1253 650 1468 715 altoque
1491 648 1673 701 cinere
1698 664 1824 701 tam-

381 732 541 784 quam
574 720 700 768 nive
725 719 967 770 obdusta.
999 719 1247 789 Regressi
1285 721 1553 773 Misenum
1578 762 1592 784 ‚
1630 724 1821 777 curatis

381 803 670 858 utcumque
689 793 1002 859 corporibus
1017 832 1035 855 ‚
1048 794 1345 861 suspensam
1365 796 1683 864 dubiamque
1704 813 1822 849 noc·
1844 814 1848 818 ⁴

379 874 490 913 tem
528 865 619 930 spe
657 881 715 916 ac
748 881 896 916 metu
924 866 1241 936 exegimus:
1275 884 1446 920 metus
1485 871 1818 936 praevalebat.

378 936 515 986 Nam
552 937 604 986 &
634 952 835 990 tremor
866 954 1018 991 terrae
1049 941 1413 1008 perseverabat
1437 982 1451 1005 ‚
1494 944 1548 994 &
1582 943 1821 1011 plerique

377 1008 645 1076 lymphati
694 1010 945 1064 terrificis
997 1013 1474 1067 vaticinationibus
1530 1017 1583 1067 &
1631 1016 1729 1068 sua
1775 1019 1823 1069 &

377 1081 551 1133 aliena
581 1086 716 1136 mala
738 1084 1156 1140 ludificabantur.
1196 1088 1366 1140 Nobis
1392 1104 1570 1141 tamen
1601 1106 1675 1141 ne
1702 1103 1821 1142 tunc

377 1153 591 1221 quidem
614 1196 629 1219 ‚
668 1174 985 1227 quamquam
1028 1161 1080 1211 &
1127 1162 1365 1228 expertis
1394 1162 1695 1230 periculum
1718 1203 1733 1227 ‚
1772 1165 1821 1215 &

376 1228 802 1295 exspeaantibus'
826 1271 840 1294 ,
890 1233 1112 1284 abeundi
1161 1234 1448 1286 consilium
1481 1276 1497 1299 ‚
1542 1238 1718 1288 donec
1758 1239 1818 1289 de

377 1306 648 1355 avunculo
709 1306 943 1357 nuntius.
1023 1308 1150 1358 Haec
1211 1324 1542 1376 nequaquam
1600 1309 1819 1362 historia

376 1372 536 1442 digna
578 1394 689 1428 non
726 1378 1012 1446 scripturus
1048 1382 1230 1449 leges·,
1265 1382 1317 1432 δ’(
1354 1382 1453 1433 tibi
1491 1382 1696 1435 scilicet
1729 1383 1817 1452 qui

377 1449 643 1514 requisisti
685 1451 971 1518 imputabis
998 1493 1012 1516 ,
1057 1453 1103 1505 si
1140 1455 1297 1524 digna
1336 1471 1403 1506 ne
1440 1456 1665 1524 epistola
1706 1457 1818 1526 qui·

376 1519 497 1571 dem
537 1522 872 1577 videbuntur.
921 1526 1074 1580 Vale.

484 1640 660 1696 XXI.
703 1644 1035 1699 Ptuztus
1078 1649 1430 1701 CAnnuo
1468 1664 1616 1704 suo
1658 1654 1720 1707 S'.

521 1763 714 1813 Laudat
748 1783 897 1814 mores
935 1767 981 1815 6·
1012 1764 1196 1836 scripta
1228 1767 1284 1820 V
1278 1769 1440 1839 lrginii
1462 1771 1690 1825 Rotnani.

378 1848 439 1940 S
459 1897 572 1936 UM
613 1903 683 1937 ex
714 1887 781 1940 iis
816 1888 906 1957 qui
931 1889 1093 1942 mirer
1127 1891 1406 1961 antiquos3
1443 1913 1556 1946 non
1592 1912 1769 1951 tamen
1793 1939 1813 1964 ‚

370 1971 433 2009 ut
483 1959 693 2025 quidam
719 2000 734 2023 ,
776 1976 1083 2030 temporum
1125 1964 1425 2018 nostrorum
1465 1969 1681 2039 ingenia
1730 1975 1811 2026 de·

372 2028 563 2097 spicio,
604 2035 789 2101 Neque
815 2036 960 2087 enim
998 2038 1283 2105 quasilass'a
1310 2042 1361 2091 &
1392 2041 1573 2094 effoeta
1598 2060 1807 2107 natura,

371 2119 434 2154 ut
470 2105 601 2156 nihil
633 2104 736 2169 jam
774 2111 1032 2162 laudabile
1067 2111 1250 2179 pariat.
1297 2115 1472 2182 Atque
1492 2118 1625 2168 adeo
1647 2135 1808 2188 nuper

370 2176 517 2228 audii
556 2180 861 2249 Virginium
892 2184 1192 2236 Romanum
1213 2187 1394 2253 paucis
1425 2191 1697 2259 legen-tem
1727 2209 1814 2244 co-

369 2252 626 2303 moediam
659 2292 674 2317 ,
722 2257 786 2308 ad
825 2261 1097 2326 exemplar
1133 2260 1331 2312 veteris
1377 2265 1663 2316 comoediae
1696 2266 1811 2318 scri·

368 2336 517 2391 ptam
546 2340 651 2377 tam
683 2329 924 2393 bene,ut
954 2330 1059 2384 effe
1088 2336 1402 2403 quandoque
1426 2338 1803 2403 possir'exem-

370 2398 504 2464 plat.
530 2400 724 2453 Nescio
745 2420 812 2454 an
831 2405 980 2456 noris
993 2406 1266 2458 hominem
1282 2448 1297 2469 ,
1320 2427 1640 2478 quamquam
1665 2412 1804 2466 noffe

368 2471 548 2523 debes·
590 2474 672 2524 Est
712 2477 858 2528 enim
888 2479 1149 2545 probitate
1185 2498 1394 2533 morum
1417 2523 1433 2545 ‚
1454 2483 1663 2553 ingenii
1702 2489 1805 2539 ele-

357 2544 546 2612 ·gantifi
568 2585 583 2610 ‚
622 2565 844 2615 opernm
882 2552 1138 2605 varietate
1172 2555 1542 2610 monstrabilis.
1581 2559 1803 2629 Scripsit

368 2617 711 2673 mimiambos
736 2625 995 2690 tenuiter,
1025 2625 1207 2696 argute
1226 2668 1240 2691 ,
1273 2629 1494 2682 venuste
1512 2673 1526 2695 ‚
1565 2647 1727 2701 atque
1746 2633 1799 2684 in

367 2691 478 2742 hoc
515 2709 707 2761 genere
759 2699 1216 2766 eloquentissime.
1270 2702 1493 2755 Nullum·
1539 2704 1614 2756 est
1662 2706 1797 2759 enim

369 2780 536 2832 genus
562 2807 575 2829 ,
615 2773 760 2834 quod
779 2768 1072 2825 absolutum
1094 2815 1109 2839 ‚
1143 2792 1254 2826 non
1273 2777 1448 2844 possit
1480 2780 1803 2848 eloquentis·

370 2837 569 2891 simum
613 2841 735 2898 dici.
777 2846 1003 2913 Scripsit
1040 2849 1326 2903 comoedias
1352 2890 1371 2916 ,
1410 2851 1799 2918 Menandrum,
