1951 3720
437 308 689 375 Ems
720 320 766 371 T
797 320 1032 373 oLAE.
1081 305 1226 374 Lib.
1260 304 1392 376 V1.
1499 325 1626 404 ¹75

176 424 500 497 rectumque
528 427 738 480 cursum
755 466 770 490 ,
806 425 948 479 resta
979 428 1328 496 gubernacula
1357 425 1415 478 in
1434 426 1643 496 pericu·

176 502 292 552 lum
333 513 519 566 tenet,
551 503 685 553 adeo
712 501 915 553 solutus
953 516 1136 564 metu,
1173 514 1234 552 ut
1273 517 1461 553 ornnes
1493 500 1639 554 illius

177 573 307 626 mali
355 589 545 626 motus
566 613 581 637 ‚
624 590 813 626 omnes
847 572 1044 643 figuras
1065 613 1081 638 ,
1124 587 1185 626 ut
1226 575 1642 642 deprehenderat

178 646 353 699 oculis
377 687 395 711 ‚
424 647 649 701 dictaret
685 662 1050 716 enotaretque.
1095 647 1213 701 Jam
1251 648 1476 700 navibus
1501 647 1639 700 cinis

176 717 453 773 incidebat
473 760 490 783 ‚
527 719 636 789 quo
682 720 904 788 propius
946 722 1252 772 accederent
1272 760 1287 783 ‚
1325 720 1549 772 calidior
1585 721 1639 773 δι

182 793 437 852 densior3
464 792 575 859 iarn
596 794 835 861 pumices
857 793 1021 846 etiam
1035 833 1050 854 ‚
1073 794 1317 864 nigrique
1342 796 1395 846 &
1418 791 1641 846 ambusti

179 866 230 919 ἃ
259 866 424 919 ἱτειᾶὶ
446 867 574 936 igne
610 866 811 935 lapides
832 886 850 926 ·‚
869 866 975 932 jani
1011 869 1209 919 vadum
1227 866 1455 926 subitum
1476 905 1494 930 ‚
1531 867 1638 918 rui—

175 939 352 1008 naque
389 940 605 992 montis
649 940 832 993 littora
868 939 1141 994 obstantia.
1182 939 1469 992 Cunctatus
1501 956 1637 1007 pau·

174 1013 282 1065 him
313 1030 387 1065 an
422 1029 594 1067 retro,
616 1013 851 1067 fleeteret
872 1054 886 1078 ,
926 1031 1059 1065 mox
1088 1012 1427 1083 gubernatori
1462 1028 1524 1065 ut
1560 1013 1639 1066 ita

173 1085 373 1139 ficeret
415 1087 709 1152 monenti,
750 1088 947 1148 Fortes,
975 1087 1152 1155 inquit
1176 1126 1193 1151 ‚
1221 1087 1422 1154 fhnune
1446 1087 1592 1153 jurat
1614 1104 1633 1138 .·

174 1158 565 1229 Pomponianum
599 1179 728 1229 pete.
772 1161 962 1215 Stabiis
995 1175 1106 1213 erat
1127 1200 1142 1224 ,
1182 1161 1472 1228 diremptus
1511 1159 1635 1213 sinu

151 1234 381 1287 ‘media
426 1236 574 1286 Nam
597 1234 792 1286 sensim
821 1233 1152 1286 circumactis
1184 1234 1515 1302 curvatisque
1538 1234 1635 1285 lit—

174 1308 384 1361 toribus
426 1325 577 1360 mare
617 1307 928 1361 infunditur.
977 1308 1057 1359 Ibi
1080 1347 1095 1371 ‚
1134 1323 1453 1376 quamquam
1490 1323 1634 1358 non·

175 1381 300 1433 dmn
316 1382 574 1451 periculo
593 1381 1055 1449 appropinquante
1073 1421 1087 1444 ‚
1109 1380 1398 1449 conspicuo
1419 1395 1599 1432 tamen
1614 1420 1633 1444 ,

176 1453 229 1504 δι
251 1493 269 1517 ,
308 1472 485 1524 quum
509 1454 764 1506 cresceret
784 1494 799 1517 ,
834 1455 1095 1524 proximo
1117 1493 1138 1518 ,
1171 1454 1398 1506 sarcinas
1437 1468 1634 1506 contu·

173 1529 308 1580 lerat
341 1528 408 1581 in
444 1545 614 1579 naves
636 1567 650 1588 ,
674 1541 846 1579 certus
880 1528 1017 1597 fugae
1039 1567 1055 1592 ‚
1094 1526 1140 1578 si
1163 1528 1459 1579 contrarius
1488 1543 1634 1580 ven-

177 1613 261 1651 tus
297 1600 573 1654 resedifl'et
594 1640 608 1663 ,
647 1618 754 1668 quo
785 1616 914 1652 tunc
942 1602 1234 1652 avunculus
1266 1618 1414 1654 meus
1444 1600 1631 1652 secun-

174 1672 408 1727 dissimo
454 1674 698 1726 invefiius
737 1713 752 1736 ‚
809 1673 1186 1741 compleffitur
1237 1673 1586 1740 trepidantem
1618 1714 1633 1738 ,

174 1748 528 1810 consolatur,
565 1748 849 1805 hortatur,
884 1762 1052 1815 utque
1094 1745 1344 1797 timorem
1389 1744 1501 1810 ejus
1542 1746 1631 1798 sua

174 1819 463 1874 securitate
494 1820 687 1873 leniret
708 1859 723 1883 ‚
757 1819 948 1874 deferri
988 1820 1041 1872 se
1079 1818 1136 1870 in
1163 1818 1429 1871 balineum
1449 1817 1593 1881 jubet
1614 1859 1632 1883 ,

174 1895 320 1947 lotus
360 1896 583 1946 accubat
603 1933 617 1958 ‚
649 1909 829 1946 coenat
847 1932 861 1955 ‚
886 1908 1047 1963 atque
1073 1892 1254 1944 hilaris
1276 1932 1290 1955 ,
1326 1907 1417 1945 aut
1435 1932 1449 1952 ,
1488 1894 1632 1960 quod

176 1967 326 2037 aeque
352 1984 647 2037 magnum,
677 1967 868 2018 similis
887 1966 1063 2018 hilari.
1088 1966 1309 2017 Interim
1329 1983 1358 2017 e
1383 1965 1629 2018 Vesuvio

176 2055 368 2093 monte
389 2041 631 2109 pluribus
663 2040 798 2092 locis
831 2040 1107 2092 latissima.-
1130 2039 1393 2102 flammae,
1418 2041 1629 2107 altaque

176 2113 432 2167 incendia
466 2114 808 2176 relucebant,
851 2129 1081 2181 quorum
1122 2113 1301 2182 fulgor
1332 2113 1384 2164 &
1420 2113 1629 2166 claritas

175 2187 416 2240 tenebris
442 2185 618 2238 noctis
657 2186 1001 2239 excitabatur.
1041 2188 1137 2238 llle
1167 2185 1444 2256 agrestium
1469 2189 1631 2254 trepi-

175 2258 401 2312 datione
447 2259 597 2328 ignes
650 2258 863 2312 reliaos
899 2298 915 2324 ‚
975 2260 1301 2329 desertasque
1339 2260 1499 2313 villas
1534 2278 1632 2329 per

173 2333 530 2386 solitudinem
574 2334 788 2397 ardere,
828 2332 886 2384 in
937 2332 1229 2385 remedium
1269 2332 1572 2387 formidinis
1611 2373 1626 2397 ,

167 2405 459 2461 'diffitabat
481 2425 496 2459 ε
522 2421 635 2457 tum
666 2406 720 2458 se
743 2405 911 2474 quieti
941 2406 1084 2458 dedit
1106 2447 1118 2469 ,
1154 2408 1204 2459 &
1225 2406 1432 2476 quievit
1449 2408 1628 2461 veris-

175 2479 322 2532 simo
361 2478 581 2548 quidem
605 2479 817 2533 somno,
876 2480 1016 2530 Nam
1039 2494 1240 2533 meatus
1264 2481 1450 2533 anima:
1479 2522 1494 2546 ‚
1533 2481 1628 2550 qui

173 2550 258 2604 ini
313 2569 543 2621 propter
596 2550 1282 2622 amplitudinem'corporis
1321 2555 1537 2624 gravior
1574 2556 1628 2606 δι

173 2626 465 2679 sonantior
492 2640 631 2688 erat,
656 2628 717 2678 ab
746 2626 814 2677 iis
852 2627 945 2695 qui
972 2625 1148 2679 limini
1184 2629 1624 2689 obversabantur,

174 2700 507 2754 audiebatur.
530 2700 633 2751 Sed
665 2716 812 2763 area,
844 2717 914 2751 ex
947 2717 1048 2768 qua
1079 2700 1232 2752 diaeta
1255 2701 1517 2763 adibatur,
1554 2702 1628 2753 ita

172 2770 284 2837 jam
325 2773 509 2825 cinere
532 2813 547 2835 ‚
585 2772 873 2840 mixtisque
920 2773 1217 2841 pumicibus
1255 2776 1471 2842 oppleta
1511 2773 1627 2824 sur-

174 2860 393 2897 rexerat
412 2886 428 2909 ,
460 2861 520 2897 ut
541 2885 557 2910 ,
583 2845 629 2897 si
648 2846 864 2915 longior
883 2846 941 2898 in
964 2848 1208 2899 cubiculo
1238 2864 1387 2898 mora
1403 2887 1418 2910 ,
1447 2845 1626 2899 exitus

177 2935 480 2988 negaretur.
520 2917 791 2971 Excitatus
810 2920 1055 2988 procedit
1071 2961 1086 2985 ‚
1117 2922 1277 2990 seque
1298 2920 1626 2989 Pomponia·

1263 2994 1315 3043 H
1348 2993 1404 3046 iv
