<?xml version="1.0" encoding="UTF-8"?>
<!DOCTYPE html PUBLIC "-//W3C//DTD XHTML 1.0 Transitional//EN"
    "http://www.w3.org/TR/xhtml1/DTD/xhtml1-transitional.dtd">
<html xmlns="http://www.w3.org/1999/xhtml" xml:lang="en" lang="en">
 <head>
  <title>
</title>
<meta http-equiv="Content-Type" content="text/html;charset=utf-8" />
  <meta name='ocr-system' content='tesseract 3.04.00' />
  <meta name='ocr-capabilities' content='ocr_page ocr_carea ocr_par ocr_line ocrx_word'/>
</head>
<body>
  <div class='ocr_page' id='page_1' title='image "./panegyricus00lallgoog_0148.png"; bbox 0 0 1951 3720; ppageno 0'>
   <div class='ocr_carea' id='block_1_1' title="bbox 403 332 1736 508">
    <p class='ocr_par' dir='ltr' id='par_1_1' title="bbox 403 332 1736 508">
     <span class='ocr_line' id='line_1_1' title="bbox 403 332 1496 404; baseline -0.005 0"><span class='ocrx_word' id='word_1_1' title='bbox 403 333 536 404; x_wconf 83' lang='lat'>116</span> <span class='ocrx_word' id='word_1_2' title='bbox 738 332 1002 401; x_wconf 80' lang='lat' dir='ltr'>CAtl</span> <span class='ocrx_word' id='word_1_3' title='bbox 1075 332 1496 401; x_wconf 76' lang='lat' dir='ltr'>PLINtt</span> 
     </span>
     <span class='ocr_line' id='line_1_2' title="bbox 489 452 1736 508; baseline -0.001 -1"><span class='ocrx_word' id='word_1_4' title='bbox 489 454 631 508; x_wconf 89' lang='lat' dir='ltr'>XV.</span> <span class='ocrx_word' id='word_1_5' title='bbox 684 455 1018 507; x_wconf 70' lang='lat' dir='ltr'>Punxus</span> <span class='ocrx_word' id='word_1_6' title='bbox 1058 455 1447 508; x_wconf 68' lang='lat' dir='ltr'>FuunAno</span> <span class='ocrx_word' id='word_1_7' title='bbox 1504 463 1647 505; x_wconf 79' lang='lat' dir='ltr'>suo</span> <span class='ocrx_word' id='word_1_8' title='bbox 1685 452 1736 506; x_wconf 81' lang='lat' dir='ltr'>S.</span> 
     </span>
    </p>
   </div>
   <div class='ocr_carea' id='block_1_2' title="bbox 393 567 1883 740">
    <p class='ocr_par' dir='ltr' id='par_1_2' title="bbox 393 567 1883 740">
     <span class='ocr_line' id='line_1_3' title="bbox 393 567 1883 644; baseline -0.003 -16"><span class='ocrx_word' id='word_1_9' title='bbox 393 573 591 644; x_wconf 75' lang='lat' dir='ltr'>Consuh‘</span> <span class='ocrx_word' id='word_1_10' title='bbox 615 576 783 643; x_wconf 76' lang='lat' dir='ltr'>futuro</span> <span class='ocrx_word' id='word_1_11' title='bbox 816 610 833 633; x_wconf 83' lang='lat'>‚</span> <span class='ocrx_word' id='word_1_12' title='bbox 870 592 922 624; x_wconf 80' lang='lat' dir='ltr'>ut</span> <span class='ocrx_word' id='word_1_13' title='bbox 957 590 1252 644; x_wconf 74' lang='lat' dir='ltr'><em>auguratur,</em></span> <span class='ocrx_word' id='word_1_14' title='bbox 1299 576 1590 626; x_wconf 78' lang='lat' dir='ltr'><em>commendat</em></span> <span class='ocrx_word' id='word_1_15' title='bbox 1624 573 1813 628; x_wconf 75' lang='lat' dir='ltr'><em>Asinium</em></span> <span class='ocrx_word' id='word_1_16' title='bbox 1882 567 1883 616; x_wconf 60' lang='grc' dir='ltr'><strong>ἶ</strong></span> 
     </span>
     <span class='ocr_line' id='line_1_4' title="bbox 469 669 1748 740; baseline 0.002 -17"><span class='ocrx_word' id='word_1_17' title='bbox 469 672 660 739; x_wconf 83' lang='lat' dir='ltr'>Baffum</span> <span class='ocrx_word' id='word_1_18' title='bbox 678 707 696 730; x_wconf 85' lang='lat'>,</span> <span class='ocrx_word' id='word_1_19' title='bbox 727 674 941 740; x_wconf 80' lang='lat' dir='ltr'>petitque</span> <span class='ocrx_word' id='word_1_20' title='bbox 962 688 1015 722; x_wconf 79' lang='lat' dir='ltr'>ut</span> <span class='ocrx_word' id='word_1_21' title='bbox 1035 690 1133 723; x_wconf 79' lang='lat' dir='ltr'>eum</span> <span class='ocrx_word' id='word_1_22' title='bbox 1155 672 1246 723; x_wconf 71' lang='lat' dir='ltr'>sibi</span> <span class='ocrx_word' id='word_1_23' title='bbox 1264 673 1530 740; x_wconf 78' lang='lat' dir='ltr'>quaestorcm</span> <span class='ocrx_word' id='word_1_24' title='bbox 1549 669 1748 739; x_wconf 80' lang='lat' dir='ltr'>affumat·</span> 
     </span>
    </p>
   </div>
   <div class='ocr_carea' id='block_1_3' title="bbox 394 779 1883 959">
    <p class='ocr_par' dir='ltr' id='par_1_3' title="bbox 394 779 1883 959">
     <span class='ocr_line' id='line_1_5' title="bbox 396 779 1883 886; baseline -0.001 -16"><span class='ocrx_word' id='word_1_25' title='bbox 396 779 457 870; x_wconf 82' lang='lat' dir='ltr'><strong>S</strong></span> <span class='ocrx_word' id='word_1_26' title='bbox 478 833 501 869; x_wconf 89' lang='lat'>1</span> <span class='ocrx_word' id='word_1_27' title='bbox 534 818 660 886; x_wconf 89' lang='lat' dir='ltr'>quid</span> <span class='ocrx_word' id='word_1_28' title='bbox 684 818 910 871; x_wconf 84' lang='lat' dir='ltr'>omnino</span> <span class='ocrx_word' id='word_1_29' title='bbox 932 857 947 881; x_wconf 90' lang='lat'>‚</span> <span class='ocrx_word' id='word_1_30' title='bbox 970 817 1077 870; x_wconf 88' lang='lat' dir='ltr'>hoc</span> <span class='ocrx_word' id='word_1_31' title='bbox 1101 815 1242 871; x_wconf 79' lang='lat' dir='ltr'>cert&#39;e</span> <span class='ocrx_word' id='word_1_32' title='bbox 1262 816 1461 880; x_wconf 83' lang='lat' dir='ltr'>iudicio</span> <span class='ocrx_word' id='word_1_33' title='bbox 1497 816 1633 868; x_wconf 85' lang='lat' dir='ltr'>facio</span> <span class='ocrx_word' id='word_1_34' title='bbox 1655 856 1668 880; x_wconf 91' lang='lat'>‚</span> <span class='ocrx_word' id='word_1_35' title='bbox 1692 814 1814 885; x_wconf 73' lang='lat' dir='ltr'>quod</span> <span class='ocrx_word' id='word_1_36' title='bbox 1882 855 1883 882; x_wconf 42' lang='lat'>;</span> 
     </span>
     <span class='ocr_line' id='line_1_6' title="bbox 394 889 1883 959; baseline -0.002 -16"><span class='ocrx_word' id='word_1_37' title='bbox 394 892 641 943; x_wconf 82' lang='lat' dir='ltr'>Asinium</span> <span class='ocrx_word' id='word_1_38' title='bbox 665 892 862 944; x_wconf 82' lang='lat' dir='ltr'>Rufum</span> <span class='ocrx_word' id='word_1_39' title='bbox 892 890 1230 959; x_wconf 83' lang='lat' dir='ltr'>singulariter</span> <span class='ocrx_word' id='word_1_40' title='bbox 1249 907 1390 943; x_wconf 77' lang='lat' dir='ltr'>amo,</span> <span class='ocrx_word' id='word_1_41' title='bbox 1431 889 1516 940; x_wconf 90' lang='lat' dir='ltr'>Est</span> <span class='ocrx_word' id='word_1_42' title='bbox 1532 889 1694 941; x_wconf 89' lang='lat' dir='ltr'>homo</span> <span class='ocrx_word' id='word_1_43' title='bbox 1712 890 1812 942; x_wconf 84' lang='lat' dir='ltr'>exi-</span> <span class='ocrx_word' id='word_1_44' title='bbox 1882 903 1883 940; x_wconf 50' lang='grc' dir='ltr'><strong>Τ</strong></span> 
     </span>
    </p>
   </div>
   <div class='ocr_carea' id='block_1_4' title="bbox 392 963 1883 1027">
    <p class='ocr_par' dir='ltr' id='par_1_4' title="bbox 392 963 1883 1027">
     <span class='ocr_line' id='line_1_7' title="bbox 392 963 1883 1027; baseline -0.002 -11"><span class='ocrx_word' id='word_1_45' title='bbox 392 963 534 1017; x_wconf 89' lang='lat' dir='ltr'>mius</span> <span class='ocrx_word' id='word_1_46' title='bbox 551 1004 566 1027; x_wconf 87' lang='lat'>,</span> <span class='ocrx_word' id='word_1_47' title='bbox 595 966 647 1016; x_wconf 89' lang='lat'>&amp;</span> <span class='ocrx_word' id='word_1_48' title='bbox 669 964 935 1017; x_wconf 88' lang='lat' dir='ltr'>bonorum</span> <span class='ocrx_word' id='word_1_49' title='bbox 970 964 1387 1016; x_wconf 85' lang='lat' dir='ltr'>amantissimus.</span> <span class='ocrx_word' id='word_1_50' title='bbox 1427 964 1536 1015; x_wconf 89' lang='lat' dir='ltr'>Cur</span> <span class='ocrx_word' id='word_1_51' title='bbox 1562 963 1700 1014; x_wconf 88' lang='lat' dir='ltr'>enim</span> <span class='ocrx_word' id='word_1_52' title='bbox 1720 980 1813 1015; x_wconf 86' lang='lat' dir='ltr'>non</span> <span class='ocrx_word' id='word_1_53' title='bbox 1882 1013 1883 1022; x_wconf 60' lang='grc'>,</span> 
     </span>
    </p>
   </div>
   <div class='ocr_carea' id='block_1_5' title="bbox 343 1037 1883 3015">
    <p class='ocr_par' dir='ltr' id='par_1_5' title="bbox 343 1037 1883 3015">
     <span class='ocr_line' id='line_1_8' title="bbox 393 1037 1813 1106; baseline -0.001 -18"><span class='ocrx_word' id='word_1_54' title='bbox 393 1054 481 1089; x_wconf 88' lang='lat' dir='ltr'>me</span> <span class='ocrx_word' id='word_1_55' title='bbox 507 1054 721 1106; x_wconf 88' lang='lat' dir='ltr'>quoque</span> <span class='ocrx_word' id='word_1_56' title='bbox 742 1038 879 1106; x_wconf 82' lang='lat' dir='ltr'>inter</span> <span class='ocrx_word' id='word_1_57' title='bbox 897 1040 1071 1090; x_wconf 88' lang='lat' dir='ltr'>bonos</span> <span class='ocrx_word' id='word_1_58' title='bbox 1093 1054 1366 1089; x_wconf 84' lang='lat' dir='ltr'>numerem</span> <span class='ocrx_word' id='word_1_59' title='bbox 1388 1040 1408 1090; x_wconf 71' lang='grc' dir='ltr'><strong><em>ἓ</em></strong></span> <span class='ocrx_word' id='word_1_60' title='bbox 1444 1037 1591 1088; x_wconf 85' lang='lat' dir='ltr'><strong>Idem</strong></span> <span class='ocrx_word' id='word_1_61' title='bbox 1631 1039 1813 1087; x_wconf 87' lang='lat' dir='ltr'>Corne·</span> 
     </span>
     <span class='ocr_line' id='line_1_9' title="bbox 389 1107 1814 1180; baseline -0.001 -19"><span class='ocrx_word' id='word_1_62' title='bbox 389 1110 525 1163; x_wconf 87' lang='lat' dir='ltr'>lium</span> <span class='ocrx_word' id='word_1_63' title='bbox 560 1112 805 1163; x_wconf 83' lang='lat' dir='ltr'>Tacitum</span> <span class='ocrx_word' id='word_1_64' title='bbox 846 1113 868 1180; x_wconf 94' lang='lat'>(</span> <span class='ocrx_word' id='word_1_65' title='bbox 907 1111 1007 1164; x_wconf 91' lang='lat' dir='ltr'>scis</span> <span class='ocrx_word' id='word_1_66' title='bbox 1057 1128 1216 1179; x_wconf 84' lang='lat' dir='ltr'>quem</span> <span class='ocrx_word' id='word_1_67' title='bbox 1247 1110 1470 1176; x_wconf 86' lang='lat' dir='ltr'>virum)</span> <span class='ocrx_word' id='word_1_68' title='bbox 1503 1109 1639 1161; x_wconf 58' lang='lat' dir='ltr'>arcia</span> <span class='ocrx_word' id='word_1_69' title='bbox 1676 1107 1814 1161; x_wconf 77' lang='lat' dir='ltr'>fami-</span> 
     </span>
     <span class='ocr_line' id='line_1_10' title="bbox 388 1177 1813 1251; baseline -0.002 -16"><span class='ocrx_word' id='word_1_70' title='bbox 388 1177 621 1236; x_wconf 76' lang='lat' dir='ltr'>liaritate</span> <span class='ocrx_word' id='word_1_71' title='bbox 674 1186 989 1251; x_wconf 87' lang='lat' dir='ltr'>complexus</span> <span class='ocrx_word' id='word_1_72' title='bbox 1046 1184 1136 1237; x_wconf 88' lang='lat' dir='ltr'>est.</span> <span class='ocrx_word' id='word_1_73' title='bbox 1198 1183 1427 1235; x_wconf 84' lang='lat' dir='ltr'>Proinde</span> <span class='ocrx_word' id='word_1_74' title='bbox 1471 1183 1520 1235; x_wconf 89' lang='lat' dir='ltr'>si</span> <span class='ocrx_word' id='word_1_75' title='bbox 1560 1198 1813 1251; x_wconf 86' lang='lat' dir='ltr'>utrumque</span> 
     </span>
     <span class='ocr_line' id='line_1_11' title="bbox 390 1253 1812 1325; baseline -0.002 -16"><span class='ocrx_word' id='word_1_76' title='bbox 390 1256 630 1309; x_wconf 67' lang='lat' dir='ltr'>‘nostrum</span> <span class='ocrx_word' id='word_1_77' title='bbox 668 1258 859 1325; x_wconf 88' lang='lat' dir='ltr'>probas</span> <span class='ocrx_word' id='word_1_78' title='bbox 898 1296 914 1321; x_wconf 82' lang='lat'>,</span> <span class='ocrx_word' id='word_1_79' title='bbox 957 1259 1021 1309; x_wconf 88' lang='lat' dir='ltr'>de</span> <span class='ocrx_word' id='word_1_80' title='bbox 1075 1257 1220 1309; x_wconf 88' lang='lat' dir='ltr'>Rufo</span> <span class='ocrx_word' id='word_1_81' title='bbox 1259 1274 1476 1325; x_wconf 87' lang='lat' dir='ltr'>quoque</span> <span class='ocrx_word' id='word_1_82' title='bbox 1519 1254 1711 1308; x_wconf 74' lang='lat' dir='ltr'>necess‘e</span> <span class='ocrx_word' id='word_1_83' title='bbox 1755 1253 1812 1306; x_wconf 85' lang='lat' dir='ltr'>est</span> 
     </span>
     <span class='ocr_line' id='line_1_12' title="bbox 392 1327 1883 1399; baseline -0.001 -18"><span class='ocrx_word' id='word_1_84' title='bbox 392 1328 537 1383; x_wconf 89' lang='lat' dir='ltr'>idem</span> <span class='ocrx_word' id='word_1_85' title='bbox 572 1329 765 1382; x_wconf 86' lang='lat' dir='ltr'>sentias</span> <span class='ocrx_word' id='word_1_86' title='bbox 788 1370 802 1393; x_wconf 93' lang='lat'>‚</span> <span class='ocrx_word' id='word_1_87' title='bbox 837 1347 1001 1399; x_wconf 88' lang='lat' dir='ltr'>quum</span> <span class='ocrx_word' id='word_1_88' title='bbox 1028 1329 1103 1381; x_wconf 58' lang='lat' dir='ltr'>‘sit</span> <span class='ocrx_word' id='word_1_89' title='bbox 1135 1332 1198 1382; x_wconf 89' lang='lat' dir='ltr'>ad</span> <span class='ocrx_word' id='word_1_90' title='bbox 1236 1329 1622 1381; x_wconf 60' lang='lat' dir='ltr'>connectendas</span> <span class='ocrx_word' id='word_1_91' title='bbox 1652 1327 1811 1380; x_wconf 87' lang='lat' dir='ltr'>amici-</span> <span class='ocrx_word' id='word_1_92' title='bbox 1882 1381 1883 1396; x_wconf 15' lang='grc' dir='ltr'>ζ</span> 
     </span>
     <span class='ocr_line' id='line_1_13' title="bbox 389 1401 1883 1468; baseline -0.001 -15"><span class='ocrx_word' id='word_1_93' title='bbox 389 1402 492 1455; x_wconf 81' lang='lat' dir='ltr'>tias</span> <span class='ocrx_word' id='word_1_94' title='bbox 528 1406 618 1455; x_wconf 84' lang='lat' dir='ltr'>vel</span> <span class='ocrx_word' id='word_1_95' title='bbox 657 1403 1054 1455; x_wconf 89' lang='lat' dir='ltr'>tenacissimum</span> <span class='ocrx_word' id='word_1_96' title='bbox 1082 1402 1358 1455; x_wconf 87' lang='lat' dir='ltr'>vinculum</span> <span class='ocrx_word' id='word_1_97' title='bbox 1385 1443 1399 1466; x_wconf 87' lang='lat'>‚</span> <span class='ocrx_word' id='word_1_98' title='bbox 1436 1419 1649 1454; x_wconf 87' lang='lat' dir='ltr'>morum</span> <span class='ocrx_word' id='word_1_99' title='bbox 1679 1401 1812 1452; x_wconf 82' lang='lat' dir='ltr'>simi·</span> <span class='ocrx_word' id='word_1_100' title='bbox 1882 1413 1883 1468; x_wconf 63' lang='lat' dir='ltr'>j</span> 
     </span>
     <span class='ocr_line' id='line_1_14' title="bbox 343 1475 1883 1546; baseline -0.001 -20"><span class='ocrx_word' id='word_1_101' title='bbox 343 1540 349 1546; x_wconf 22' lang='lat'><em>⁶</em></span> <span class='ocrx_word' id='word_1_102' title='bbox 390 1476 583 1540; x_wconf 67' lang='lat' dir='ltr'>litud0.</span> <span class='ocrx_word' id='word_1_103' title='bbox 624 1478 757 1527; x_wconf 89' lang='lat' dir='ltr'>Sunt</span> <span class='ocrx_word' id='word_1_104' title='bbox 787 1475 837 1527; x_wconf 91' lang='lat' dir='ltr'>ei</span> <span class='ocrx_word' id='word_1_105' title='bbox 856 1475 1010 1528; x_wconf 84' lang='lat' dir='ltr'>liberi</span> <span class='ocrx_word' id='word_1_106' title='bbox 1028 1478 1204 1544; x_wconf 84' lang='lat' dir='ltr'>plures</span> <span class='ocrx_word' id='word_1_107' title='bbox 1229 1496 1241 1528; x_wconf 75' lang='lat' dir='ltr'><em>z</em></span> <span class='ocrx_word' id='word_1_108' title='bbox 1268 1475 1474 1530; x_wconf 84' lang='lat' dir='ltr'>namin</span> <span class='ocrx_word' id='word_1_109' title='bbox 1503 1478 1604 1527; x_wconf 90' lang='lat' dir='ltr'>hoc</span> <span class='ocrx_word' id='word_1_110' title='bbox 1624 1490 1812 1543; x_wconf 87' lang='lat' dir='ltr'>quoque</span> <span class='ocrx_word' id='word_1_111' title='bbox 1882 1495 1883 1508; x_wconf 53' lang='lat'>¹</span> 
     </span>
     <span class='ocr_line' id='line_1_15' title="bbox 389 1547 1809 1618; baseline -0.002 -18"><span class='ocrx_word' id='word_1_112' title='bbox 389 1548 598 1601; x_wconf 63' lang='lat' dir='ltr'>funstus</span> <span class='ocrx_word' id='word_1_113' title='bbox 637 1547 710 1599; x_wconf 89' lang='lat' dir='ltr'>est</span> <span class='ocrx_word' id='word_1_114' title='bbox 760 1549 956 1616; x_wconf 86' lang='lat' dir='ltr'>optimi</span> <span class='ocrx_word' id='word_1_115' title='bbox 1000 1550 1134 1601; x_wconf 88' lang='lat' dir='ltr'>civis</span> <span class='ocrx_word' id='word_1_116' title='bbox 1185 1550 1400 1613; x_wconf 82' lang='lat' dir='ltr'>officio,</span> <span class='ocrx_word' id='word_1_117' title='bbox 1446 1548 1593 1618; x_wconf 74' lang='lat' dir='ltr'>quod</span> <span class='ocrx_word' id='word_1_118' title='bbox 1625 1549 1809 1600; x_wconf 84' lang='lat' dir='ltr'>foecun·</span> 
     </span>
     <span class='ocr_line' id='line_1_16' title="bbox 390 1620 1809 1690; baseline -0.001 -17"><span class='ocrx_word' id='word_1_119' title='bbox 390 1620 554 1674; x_wconf 84' lang='lat' dir='ltr'>ditate</span> <span class='ocrx_word' id='word_1_120' title='bbox 593 1621 782 1678; x_wconf 84' lang='lat' dir='ltr'>uxoris</span> <span class='ocrx_word' id='word_1_121' title='bbox 825 1621 968 1690; x_wconf 72' lang='lat' dir='ltr'>large</span> <span class='ocrx_word' id='word_1_122' title='bbox 1009 1621 1113 1674; x_wconf 88' lang='lat' dir='ltr'>frui</span> <span class='ocrx_word' id='word_1_123' title='bbox 1153 1622 1332 1674; x_wconf 81' lang='lat' dir='ltr'>voluit</span> <span class='ocrx_word' id='word_1_124' title='bbox 1368 1640 1437 1675; x_wconf 92' lang='lat' dir='ltr'>eo</span> <span class='ocrx_word' id='word_1_125' title='bbox 1476 1624 1686 1683; x_wconf 76' lang='lat' dir='ltr'>secale,</span> <span class='ocrx_word' id='word_1_126' title='bbox 1722 1633 1809 1688; x_wconf 85' lang='lat' dir='ltr'>quo</span> 
     </span>
     <span class='ocr_line' id='line_1_17' title="bbox 393 1692 1812 1772; baseline -0.001 -26"><span class='ocrx_word' id='word_1_127' title='bbox 393 1695 661 1772; x_wconf 72' lang='lat' dir='ltr'>plerisque</span> <span class='ocrx_word' id='word_1_128' title='bbox 699 1693 860 1747; x_wconf 82' lang='lat' dir='ltr'>etiam</span> <span class='ocrx_word' id='word_1_129' title='bbox 898 1694 1138 1764; x_wconf 73' lang='lat' dir='ltr'>singulos</span> <span class='ocrx_word' id='word_1_130' title='bbox 1173 1695 1317 1748; x_wconf 88' lang='lat' dir='ltr'>filios</span> <span class='ocrx_word' id='word_1_131' title='bbox 1343 1696 1587 1748; x_wconf 83' lang='lat' dir='ltr'>orbitatis</span> <span class='ocrx_word' id='word_1_132' title='bbox 1622 1692 1812 1763; x_wconf 79' lang='lat' dir='ltr'>praemia</span> 
     </span>
     <span class='ocr_line' id='line_1_18' title="bbox 393 1768 1810 1837; baseline 0 -18"><span class='ocrx_word' id='word_1_133' title='bbox 393 1783 582 1837; x_wconf 84' lang='lat' dir='ltr'>graves</span> <span class='ocrx_word' id='word_1_134' title='bbox 613 1768 847 1827; x_wconf 86' lang='lat' dir='ltr'>faciunt·,</span> <span class='ocrx_word' id='word_1_135' title='bbox 893 1768 1081 1836; x_wconf 88' lang='lat' dir='ltr'>quibus</span> <span class='ocrx_word' id='word_1_136' title='bbox 1118 1768 1208 1821; x_wconf 84' lang='lat' dir='ltr'>ille</span> <span class='ocrx_word' id='word_1_137' title='bbox 1245 1769 1505 1837; x_wconf 73' lang='lat' dir='ltr'>despeffis</span> <span class='ocrx_word' id='word_1_138' title='bbox 1527 1809 1542 1834; x_wconf 91' lang='lat'>‚</span> <span class='ocrx_word' id='word_1_139' title='bbox 1576 1768 1660 1821; x_wconf 85' lang='lat' dir='ltr'>avi</span> <span class='ocrx_word' id='word_1_140' title='bbox 1694 1784 1810 1835; x_wconf 86' lang='lat' dir='ltr'>quo-</span> 
     </span>
     <span class='ocr_line' id='line_1_19' title="bbox 393 1839 1808 1911; baseline -0.002 -18"><span class='ocrx_word' id='word_1_141' title='bbox 393 1857 498 1910; x_wconf 87' lang='lat' dir='ltr'>que</span> <span class='ocrx_word' id='word_1_142' title='bbox 518 1857 719 1894; x_wconf 88' lang='lat' dir='ltr'>nomen</span> <span class='ocrx_word' id='word_1_143' title='bbox 742 1839 1031 1910; x_wconf 83' lang='lat' dir='ltr'>affumpsit.</span> <span class='ocrx_word' id='word_1_144' title='bbox 1058 1840 1141 1893; x_wconf 83' lang='lat' dir='ltr'>Est</span> <span class='ocrx_word' id='word_1_145' title='bbox 1162 1840 1307 1895; x_wconf 88' lang='lat' dir='ltr'>enim</span> <span class='ocrx_word' id='word_1_146' title='bbox 1334 1860 1466 1896; x_wconf 85' lang='lat' dir='ltr'>avus</span> <span class='ocrx_word' id='word_1_147' title='bbox 1491 1841 1506 1909; x_wconf 57' lang='lat'>3</span> <span class='ocrx_word' id='word_1_148' title='bbox 1540 1844 1593 1896; x_wconf 77' lang='grc' dir='ltr'>ὅτ</span> <span class='ocrx_word' id='word_1_149' title='bbox 1623 1840 1808 1911; x_wconf 87' lang='lat' dir='ltr'>quidem</span> 
     </span>
     <span class='ocr_line' id='line_1_20' title="bbox 392 1914 1883 1987; baseline -0.001 -20"><span class='ocrx_word' id='word_1_150' title='bbox 392 1931 467 1967; x_wconf 81' lang='lat' dir='ltr'>ex</span> <span class='ocrx_word' id='word_1_151' title='bbox 501 1914 713 1967; x_wconf 87' lang='lat' dir='ltr'>Saturio</span> <span class='ocrx_word' id='word_1_152' title='bbox 749 1914 929 1967; x_wconf 82' lang='lat' dir='ltr'>Firmo</span> <span class='ocrx_word' id='word_1_153' title='bbox 957 1955 973 1979; x_wconf 85' lang='lat'>,</span> <span class='ocrx_word' id='word_1_154' title='bbox 1008 1932 1166 1984; x_wconf 86' lang='lat' dir='ltr'>quem</span> <span class='ocrx_word' id='word_1_155' title='bbox 1202 1916 1390 1986; x_wconf 84' lang='lat' dir='ltr'>diliges</span> <span class='ocrx_word' id='word_1_156' title='bbox 1420 1932 1482 1969; x_wconf 90' lang='lat' dir='ltr'>ut</span> <span class='ocrx_word' id='word_1_157' title='bbox 1518 1934 1619 1987; x_wconf 84' lang='lat' dir='ltr'>ego</span> <span class='ocrx_word' id='word_1_158' title='bbox 1640 1955 1655 1978; x_wconf 85' lang='lat'>,</span> <span class='ocrx_word' id='word_1_159' title='bbox 1694 1914 1736 1966; x_wconf 90' lang='lat' dir='ltr'>si</span> <span class='ocrx_word' id='word_1_160' title='bbox 1759 1925 1807 1965; x_wconf 88' lang='lat' dir='ltr'>ut</span> <span class='ocrx_word' id='word_1_161' title='bbox 1882 1966 1883 1973; x_wconf 62' lang='grc'>,</span> 
     </span>
     <span class='ocr_line' id='line_1_21' title="bbox 388 1986 1883 2057; baseline -0.002 -18"><span class='ocrx_word' id='word_1_162' title='bbox 388 2004 496 2056; x_wconf 85' lang='lat' dir='ltr'>ego</span> <span class='ocrx_word' id='word_1_163' title='bbox 520 2027 536 2051; x_wconf 92' lang='lat'>‚</span> <span class='ocrx_word' id='word_1_164' title='bbox 577 1986 801 2054; x_wconf 76' lang='lat' dir='ltr'>propius</span> <span class='ocrx_word' id='word_1_165' title='bbox 846 1988 1160 2056; x_wconf 85' lang='lat' dir='ltr'>inspexeris.</span> <span class='ocrx_word' id='word_1_166' title='bbox 1213 1990 1344 2042; x_wconf 86' lang='lat' dir='ltr'>Haec</span> <span class='ocrx_word' id='word_1_167' title='bbox 1374 1988 1442 2042; x_wconf 75' lang='grc' dir='ltr'>εὸ</span> <span class='ocrx_word' id='word_1_168' title='bbox 1479 1989 1739 2057; x_wconf 83' lang='lat' dir='ltr'>pertinent</span> <span class='ocrx_word' id='word_1_169' title='bbox 1761 1998 1810 2037; x_wconf 89' lang='lat' dir='ltr'>ut</span> <span class='ocrx_word' id='word_1_170' title='bbox 1882 2042 1883 2057; x_wconf 14' lang='grc' dir='ltr'><strong>χ</strong></span> 
     </span>
     <span class='ocr_line' id='line_1_22' title="bbox 388 2059 1806 2131; baseline -0.002 -18"><span class='ocrx_word' id='word_1_171' title='bbox 388 2060 523 2113; x_wconf 86' lang='lat' dir='ltr'>scias</span> <span class='ocrx_word' id='word_1_172' title='bbox 549 2059 707 2129; x_wconf 70' lang='lat' dir='ltr'>quam</span> <span class='ocrx_word' id='word_1_173' title='bbox 732 2059 1003 2129; x_wconf 82' lang='lat' dir='ltr'>copiosam</span> <span class='ocrx_word' id='word_1_174' title='bbox 1029 2101 1043 2126; x_wconf 88' lang='lat'>,</span> <span class='ocrx_word' id='word_1_175' title='bbox 1075 2061 1233 2131; x_wconf 74' lang='lat' dir='ltr'>quam</span> <span class='ocrx_word' id='word_1_176' title='bbox 1256 2060 1593 2115; x_wconf 84' lang='lat' dir='ltr'>numerosam</span> <span class='ocrx_word' id='word_1_177' title='bbox 1617 2064 1806 2113; x_wconf 85' lang='lat' dir='ltr'>domum</span> 
     </span>
     <span class='ocr_line' id='line_1_23' title="bbox 389 2132 1806 2205; baseline -0.005 -16"><span class='ocrx_word' id='word_1_178' title='bbox 389 2139 503 2189; x_wconf 76' lang='lat' dir='ltr'>&#39;utto</span> <span class='ocrx_word' id='word_1_179' title='bbox 545 2132 807 2186; x_wconf 89' lang='lat' dir='ltr'>beneficio</span> <span class='ocrx_word' id='word_1_180' title='bbox 850 2133 924 2186; x_wconf 87' lang='lat' dir='ltr'>sis</span> <span class='ocrx_word' id='word_1_181' title='bbox 970 2136 1328 2205; x_wconf 85' lang='lat' dir='ltr'>obligaturus:</span> <span class='ocrx_word' id='word_1_182' title='bbox 1357 2138 1421 2188; x_wconf 89' lang='lat' dir='ltr'>ad</span> <span class='ocrx_word' id='word_1_183' title='bbox 1463 2137 1608 2205; x_wconf 87' lang='lat' dir='ltr'>quod</span> <span class='ocrx_word' id='word_1_184' title='bbox 1644 2147 1806 2202; x_wconf 86' lang='lat' dir='ltr'>peten-</span> 
     </span>
     <span class='ocr_line' id='line_1_24' title="bbox 388 2203 1806 2277; baseline -0.002 -19"><span class='ocrx_word' id='word_1_185' title='bbox 388 2208 517 2259; x_wconf 88' lang='lat' dir='ltr'>dum</span> <span class='ocrx_word' id='word_1_186' title='bbox 538 2247 552 2270; x_wconf 87' lang='lat'>‚</span> <span class='ocrx_word' id='word_1_187' title='bbox 571 2222 711 2258; x_wconf 84' lang='lat' dir='ltr'>voto</span> <span class='ocrx_word' id='word_1_188' title='bbox 743 2206 1003 2274; x_wconf 75' lang='lat' dir='ltr'>primum,</span> <span class='ocrx_word' id='word_1_189' title='bbox 1037 2209 1225 2261; x_wconf 87' lang='lat' dir='ltr'>deinde</span> <span class='ocrx_word' id='word_1_190' title='bbox 1261 2211 1406 2261; x_wconf 88' lang='lat' dir='ltr'>bono</span> <span class='ocrx_word' id='word_1_191' title='bbox 1439 2211 1666 2277; x_wconf 86' lang='lat' dir='ltr'>quodam</span> <span class='ocrx_word' id='word_1_192' title='bbox 1683 2203 1806 2257; x_wconf 89' lang='lat' dir='ltr'>omi-</span> 
     </span>
     <span class='ocr_line' id='line_1_25' title="bbox 389 2278 1805 2348; baseline -0.003 -16"><span class='ocrx_word' id='word_1_193' title='bbox 389 2296 462 2333; x_wconf 84' lang='lat' dir='ltr'>ne</span> <span class='ocrx_word' id='word_1_194' title='bbox 493 2278 814 2333; x_wconf 80' lang='lat' dir='ltr'>adducimur.</span> <span class='ocrx_word' id='word_1_195' title='bbox 858 2280 1123 2348; x_wconf 87' lang='lat' dir='ltr'>Optamus</span> <span class='ocrx_word' id='word_1_196' title='bbox 1161 2282 1305 2334; x_wconf 86' lang='lat' dir='ltr'>enim</span> <span class='ocrx_word' id='word_1_197' title='bbox 1339 2280 1437 2334; x_wconf 87' lang='lat' dir='ltr'>tibi</span> <span class='ocrx_word' id='word_1_198' title='bbox 1458 2322 1473 2346; x_wconf 90' lang='lat'>‚</span> <span class='ocrx_word' id='word_1_199' title='bbox 1519 2281 1805 2333; x_wconf 86' lang='lat' dir='ltr'>ominamur·</span> 
     </span>
     <span class='ocr_line' id='line_1_26' title="bbox 392 2352 1806 2422; baseline -0.002 -18"><span class='ocrx_word' id='word_1_200' title='bbox 392 2370 497 2422; x_wconf 85' lang='lat' dir='ltr'>que</span> <span class='ocrx_word' id='word_1_201' title='bbox 533 2353 592 2405; x_wconf 84' lang='lat' dir='ltr'>in</span> <span class='ocrx_word' id='word_1_202' title='bbox 627 2352 935 2420; x_wconf 84' lang='lat' dir='ltr'>proximum</span> <span class='ocrx_word' id='word_1_203' title='bbox 970 2371 1168 2408; x_wconf 86' lang='lat' dir='ltr'>annum</span> <span class='ocrx_word' id='word_1_204' title='bbox 1208 2355 1558 2408; x_wconf 84' lang='lat' dir='ltr'>consulatum.</span> <span class='ocrx_word' id='word_1_205' title='bbox 1607 2355 1683 2404; x_wconf 88' lang='lat' dir='ltr'>Ita</span> <span class='ocrx_word' id='word_1_206' title='bbox 1722 2365 1806 2402; x_wconf 88' lang='lat' dir='ltr'>nos</span> 
     </span>
     <span class='ocr_line' id='line_1_27' title="bbox 389 2425 1883 2499; baseline -0.003 -21"><span class='ocrx_word' id='word_1_207' title='bbox 389 2425 618 2478; x_wconf 82' lang='lat' dir='ltr'>virtutes</span> <span class='ocrx_word' id='word_1_208' title='bbox 650 2440 753 2478; x_wconf 81' lang='lat' dir='ltr'>tuae</span> <span class='ocrx_word' id='word_1_209' title='bbox 774 2466 788 2489; x_wconf 90' lang='lat'>,</span> <span class='ocrx_word' id='word_1_210' title='bbox 826 2427 900 2480; x_wconf 86' lang='lat' dir='ltr'>ita</span> <span class='ocrx_word' id='word_1_211' title='bbox 930 2426 1123 2492; x_wconf 85' lang='lat' dir='ltr'>judicia</span> <span class='ocrx_word' id='word_1_212' title='bbox 1158 2428 1420 2496; x_wconf 84' lang='lat' dir='ltr'>Principis</span> <span class='ocrx_word' id='word_1_213' title='bbox 1460 2425 1695 2498; x_wconf 85' lang='lat' dir='ltr'>augurari</span> <span class='ocrx_word' id='word_1_214' title='bbox 1718 2439 1804 2474; x_wconf 85' lang='lat' dir='ltr'>vo·</span> <span class='ocrx_word' id='word_1_215' title='bbox 1882 2440 1883 2499; x_wconf 68' lang='lat' dir='ltr'>j</span> 
     </span>
     <span class='ocr_line' id='line_1_28' title="bbox 387 2493 1802 2567; baseline -0.004 -15"><span class='ocrx_word' id='word_1_216' title='bbox 387 2500 525 2552; x_wconf 90' lang='lat' dir='ltr'>lunt.</span> <span class='ocrx_word' id='word_1_217' title='bbox 570 2498 853 2552; x_wconf 86' lang='lat' dir='ltr'>Concurrit</span> <span class='ocrx_word' id='word_1_218' title='bbox 881 2516 1058 2554; x_wconf 84' lang='lat' dir='ltr'>autem</span> <span class='ocrx_word' id='word_1_219' title='bbox 1081 2517 1141 2553; x_wconf 90' lang='lat' dir='ltr'>ut</span> <span class='ocrx_word' id='word_1_220' title='bbox 1170 2502 1240 2554; x_wconf 89' lang='lat' dir='ltr'>sit</span> <span class='ocrx_word' id='word_1_221' title='bbox 1259 2503 1449 2554; x_wconf 89' lang='lat' dir='ltr'>eodem</span> <span class='ocrx_word' id='word_1_222' title='bbox 1487 2517 1626 2555; x_wconf 84' lang='lat' dir='ltr'>anno</span> <span class='ocrx_word' id='word_1_223' title='bbox 1659 2493 1802 2567; x_wconf 83' lang='lat' dir='ltr'>quaes·</span> 
     </span>
     <span class='ocr_line' id='line_1_29' title="bbox 388 2569 1800 2638; baseline -0.003 -14"><span class='ocrx_word' id='word_1_224' title='bbox 388 2585 481 2624; x_wconf 88' lang='lat' dir='ltr'>tor</span> <span class='ocrx_word' id='word_1_225' title='bbox 522 2572 785 2625; x_wconf 80' lang='lat' dir='ltr'>maximus</span> <span class='ocrx_word' id='word_1_226' title='bbox 828 2590 898 2625; x_wconf 86' lang='lat' dir='ltr'>ex</span> <span class='ocrx_word' id='word_1_227' title='bbox 932 2574 1114 2627; x_wconf 88' lang='lat' dir='ltr'>liberis</span> <span class='ocrx_word' id='word_1_228' title='bbox 1152 2573 1276 2627; x_wconf 88' lang='lat' dir='ltr'>Rufi</span> <span class='ocrx_word' id='word_1_229' title='bbox 1302 2615 1317 2638; x_wconf 87' lang='lat'>,</span> <span class='ocrx_word' id='word_1_230' title='bbox 1355 2574 1574 2627; x_wconf 87' lang='lat' dir='ltr'>Asinius</span> <span class='ocrx_word' id='word_1_231' title='bbox 1605 2569 1800 2633; x_wconf 69' lang='lat' dir='ltr'>Bassus,</span> 
     </span>
     <span class='ocr_line' id='line_1_30' title="bbox 388 2641 1802 2717; baseline -0.004 -19"><span class='ocrx_word' id='word_1_232' title='bbox 388 2644 603 2713; x_wconf 79' lang='lat' dir='ltr'>juvenis</span> <span class='ocrx_word' id='word_1_233' title='bbox 642 2646 663 2714; x_wconf 90' lang='lat'>(</span> <span class='ocrx_word' id='word_1_234' title='bbox 693 2646 870 2698; x_wconf 87' lang='lat' dir='ltr'>nescio</span> <span class='ocrx_word' id='word_1_235' title='bbox 908 2665 975 2699; x_wconf 88' lang='lat' dir='ltr'>an</span> <span class='ocrx_word' id='word_1_236' title='bbox 1011 2648 1179 2701; x_wconf 89' lang='lat' dir='ltr'>dicam</span> <span class='ocrx_word' id='word_1_237' title='bbox 1203 2688 1217 2712; x_wconf 87' lang='lat'>‚</span> <span class='ocrx_word' id='word_1_238' title='bbox 1262 2647 1407 2717; x_wconf 88' lang='lat' dir='ltr'>quod</span> <span class='ocrx_word' id='word_1_239' title='bbox 1456 2665 1542 2699; x_wconf 89' lang='lat' dir='ltr'>me</span> <span class='ocrx_word' id='word_1_240' title='bbox 1581 2660 1722 2715; x_wconf 83' lang='lat' dir='ltr'>pater</span> <span class='ocrx_word' id='word_1_241' title='bbox 1761 2641 1802 2692; x_wconf 86' lang='lat'>&amp;</span> 
     </span>
     <span class='ocr_line' id='line_1_31' title="bbox 388 2712 1802 2790; baseline -0.006 -18"><span class='ocrx_word' id='word_1_242' title='bbox 388 2719 583 2772; x_wconf 86' lang='lat' dir='ltr'>sentire</span> <span class='ocrx_word' id='word_1_243' title='bbox 622 2720 675 2770; x_wconf 72' lang='grc' dir='ltr'>δε</span> <span class='ocrx_word' id='word_1_244' title='bbox 706 2719 877 2772; x_wconf 87' lang='lat' dir='ltr'>dicere</span> <span class='ocrx_word' id='word_1_245' title='bbox 910 2721 1057 2790; x_wconf 86' lang='lat' dir='ltr'>cupit</span> <span class='ocrx_word' id='word_1_246' title='bbox 1077 2761 1092 2783; x_wconf 86' lang='lat'>‚</span> <span class='ocrx_word' id='word_1_247' title='bbox 1129 2720 1475 2775; x_wconf 85' lang='lat' dir='ltr'>adolescentis</span> <span class='ocrx_word' id='word_1_248' title='bbox 1511 2712 1802 2772; x_wconf 81' lang='lat' dir='ltr'>verecundia</span> 
     </span>
     <span class='ocr_line' id='line_1_32' title="bbox 388 2782 1803 2860; baseline -0.006 -16"><span class='ocrx_word' id='word_1_249' title='bbox 388 2791 582 2858; x_wconf 87' lang='lat' dir='ltr'>vetat)</span> <span class='ocrx_word' id='word_1_250' title='bbox 621 2792 738 2860; x_wconf 90' lang='lat' dir='ltr'>ipso</span> <span class='ocrx_word' id='word_1_251' title='bbox 774 2808 920 2860; x_wconf 87' lang='lat' dir='ltr'>patre</span> <span class='ocrx_word' id='word_1_252' title='bbox 958 2794 1168 2849; x_wconf 88' lang='lat' dir='ltr'>melior.</span> <span class='ocrx_word' id='word_1_253' title='bbox 1227 2793 1462 2848; x_wconf 87' lang='lat' dir='ltr'>Difficile</span> <span class='ocrx_word' id='word_1_254' title='bbox 1488 2793 1575 2846; x_wconf 88' lang='lat' dir='ltr'>·est</span> <span class='ocrx_word' id='word_1_255' title='bbox 1602 2805 1661 2843; x_wconf 90' lang='lat' dir='ltr'>ut</span> <span class='ocrx_word' id='word_1_256' title='bbox 1688 2782 1803 2840; x_wconf 88' lang='lat' dir='ltr'>mihi</span> 
     </span>
     <span class='ocr_line' id='line_1_33' title="bbox 388 2866 1799 2936; baseline -0.006 -18"><span class='ocrx_word' id='word_1_257' title='bbox 388 2867 455 2918; x_wconf 86' lang='lat' dir='ltr'>de</span> <span class='ocrx_word' id='word_1_258' title='bbox 484 2866 693 2919; x_wconf 86' lang='lat' dir='ltr'>absente</span> <span class='ocrx_word' id='word_1_259' title='bbox 728 2868 904 2918; x_wconf 88' lang='lat' dir='ltr'>credas</span> <span class='ocrx_word' id='word_1_260' title='bbox 926 2906 941 2930; x_wconf 90' lang='lat'>‚</span> <span class='ocrx_word' id='word_1_261' title='bbox 975 2884 1293 2936; x_wconf 87' lang='lat' dir='ltr'>quamquam</span> <span class='ocrx_word' id='word_1_262' title='bbox 1314 2869 1522 2921; x_wconf 89' lang='lat' dir='ltr'>credere</span> <span class='ocrx_word' id='word_1_263' title='bbox 1542 2867 1673 2918; x_wconf 88' lang='lat' dir='ltr'>soles</span> <span class='ocrx_word' id='word_1_264' title='bbox 1697 2874 1799 2912; x_wconf 86' lang='lat' dir='ltr'>om·</span> 
     </span>
     <span class='ocr_line' id='line_1_34' title="bbox 388 2930 1883 3015; baseline -0.002 -23"><span class='ocrx_word' id='word_1_265' title='bbox 388 2937 479 2993; x_wconf 83' lang='lat' dir='ltr'>nia</span> <span class='ocrx_word' id='word_1_266' title='bbox 498 2977 515 3005; x_wconf 64' lang='lat'>2</span> <span class='ocrx_word' id='word_1_267' title='bbox 545 2953 751 2994; x_wconf 85' lang='lat' dir='ltr'>tantum</span> <span class='ocrx_word' id='word_1_268' title='bbox 769 2938 827 2994; x_wconf 87' lang='lat' dir='ltr'>in</span> <span class='ocrx_word' id='word_1_269' title='bbox 848 2939 946 2994; x_wconf 89' lang='lat' dir='ltr'>illo</span> <span class='ocrx_word' id='word_1_270' title='bbox 969 2939 1230 2996; x_wconf 79' lang='lat' dir='ltr'>industriae</span> <span class='ocrx_word' id='word_1_271' title='bbox 1251 2981 1267 3006; x_wconf 88' lang='lat'>,</span> <span class='ocrx_word' id='word_1_272' title='bbox 1298 2939 1578 3012; x_wconf 85' lang='lat' dir='ltr'>probitatis</span> <span class='ocrx_word' id='word_1_273' title='bbox 1598 2978 1613 3005; x_wconf 83' lang='lat'>,</span> <span class='ocrx_word' id='word_1_274' title='bbox 1645 2930 1800 2990; x_wconf 81' lang='lat' dir='ltr'>erudi-</span> <span class='ocrx_word' id='word_1_275' title='bbox 1882 3012 1883 3015; x_wconf 7' lang='grc' dir='ltr'><strong>Ἴ</strong></span> 
     </span>
    </p>
   </div>
   <div class='ocr_carea' id='block_1_6' title="bbox 1882 945 1883 2137">
    <p class='ocr_par' dir='ltr' id='par_1_6' title="bbox 1882 945 1883 2137">
     <span class='ocr_line' id='line_1_35' title="bbox 1882 945 1883 2137; baseline 0 0"><span class='ocrx_word' id='word_1_276' title='bbox 1882 945 1883 2137; x_wconf 95' lang='lat' dir='ltr'> </span> 
     </span>
    </p>
   </div>
  </div>
 </body>
</html>
