1951 3720
341 300 914 368 EPIS‘TOLAE.
944 298 1091 367 Lib.
1124 302 1340 371 VIII.
1446 323 1575 393 231

164 436 374 488 aequum.
423 419 568 472 Mihi
604 434 782 472 autem
819 419 1095 489 egregium
1131 420 1188 473 in
1218 421 1405 489 primis
1447 423 1595 476 vide-

162 507 269 555 tur,
300 509 358 545 ut
392 494 527 546 foris
562 533 576 556 ,
615 493 686 545 ita
723 495 909 556 domi,
949 510 1010 546 ut
1046 495 1103 545 in
1136 496 1341 562 magnis
1365 535 1378 557 ‚
1419 495 1490 547 ita
1532 496 1593 548 in.

162 567 324 633 parvis
345 607 359 628 ‚
381 571 442 619 ut
465 568 521 619 in
536 567 743 630 alienis,
768 567 842 619 ita
866 569 922 619 in
945 569 1053 619 suis
1075 609 1089 631 ,
1110 569 1303 637 agitare
1318 568 1588 632 justitiam.

160 641 284 692 Nam
318 641 363 693 si
396 642 546 708 paria
577 658 827 709 peccata,
866 659 1019 710 pares
1057 643 1233 710 etiam-
1256 645 1452 695 laudes.
1496 645 1594 695 Ita-

162 730 252 780 que
286 715 533 766 omnibus
576 715 791 783 quidem
825 756 839 777 ‚
875 733 942 775 ne
966 716 1087 784 quis
1122 717 1233 765 mihi
1258 736 1352 766 non
1389 720 1594 768 donatus

162 788 344 850 abiret,
384 803 592 856 partem
631 788 875 840 octavam
916 789 1117 858 pretii,
1151 806 1260 857 quo
1298 790 1419 856 quis
1453 787 1597 842 eme·

159 875 229 911 rat
249 863 526 925 ,concessi
553 881 566 914 t
604 864 792 915 deinde
814 862 933 926 his,
955 863 1050 932 qui
1072 863 1430 930 amplissimas
1455 864 1596 916 sum·-

161 950 261 986 mas
291 935 655 1004 emptionibus
677 953 1108 1004 occupaverant
1140 936 1419 1004 separatim
1456 945 1593 989 con-⁴

159 1007 326 1060 fului:
366 1027 490 1061 nam
542 1011 594 1062 &
637 1027 723 1062 me
765 1010 935 1079 magis
974 1010 1269 1073 iuverant,
1315 1011 1366 1061 ὃ(
1419 1009 1593 1074 maius

155 1077 247 1149 ipsi
268 1082 502 1134 fecerant
524 1086 791 1136 damnum.
807 1085 975 1155 Igitur
998 1084 1103 1148 his,
1124 1082 1214 1151 qui
1232 1083 1400 1150 pluris
1426 1083 1589 1152 quam

154 1155 318 1207 decem
356 1156 599 1210 millibus
635 1172 907 1221 emerant,
943 1159 1007 1209 ad
1037 1158 1183 1210 illam
1207 1172 1546 1208 communem
1580 1197 1598 1222 ,

157 1227 200 1279 δι
242 1230 390 1298 quasi
440 1232 706 1299 publicam
762 1231 1008 1283 ockavam
1043 1272 1057 1295 ,
1100 1229 1275 1282 addidi
1325 1230 1592 1284 decimam

153 1299 253 1366 ejus
271 1303 523 1367 summae,
551 1305 652 1373 qua
677 1306 862 1357 decem
892 1304 1062 1357 millia
1091 1302 1434 1357 excefferant.
1472 1304 1594 1356 Vc·

150 1391 260 1427 reor
295 1394 367 1429 ne
413 1394 601 1446 parum
653 1377 1038 1446 exprefferim3
1077 1377 1309 1448 apertius
1351 1378 1593 1430 calculos

151 1448 428 1504 ostendam.
465 1452 522 1503 Si
542 1451 636 1521 qui
659 1451 800 1505 forte
834 1452 1137 1521 quindecim
1174 1450 1410 1504 millibus
1442 1449 1594 1503 emei-

151 1539 257 1575 rant
283 1564 297 1587 ,
343 1524 404 1576 hi
460 1525 512 1576 δι
559 1525 862 1595 quindecim
922 1525 1154 1579 millium
1203 1525 1447 1577 oQavam
1475 1567 1489 1589 ,
1538 1526 1591 1578 ὅ(

151 1597 378 1667 ‘quinque
419 1597 651 1650 millium
688 1599 946 1652 decimam
984 1601 1235 1651 tulerunt.
1288 1599 1545 1651 Praeterea
1572 1617 1599 1663 ·‚

150 1687 302 1738 quum
355 1688 659 1740 reputarem
704 1674 959 1742 quosdam
1007 1689 1079 1725 ex
1127 1673 1306 1723 debito
1350 1673 1593 1741 aliquam

285 1747 601 1815 ,quosdam
650 1746 898 1816 aliquid,
938 1746 1193 1816 quosdam
1239 1745 1377 1797 nihil
1430 1763 1597 1813 repo-

145 1813 315 1872 suifl'e·
306 1855 320 1880 ,
352 1836 691 1891 nequaquam
735 1837 925 1874 verum
963 1820 1279 1884 arbitrabar,
1311 1835 1448 1889 quos
1481 1835 1599 1874 non-

146 1893 382 1978 aequass‘et
422 1894 556 1948 fides
599 1895 888 1948 solutionis
927 1934 943 1958 ‚
993 1896 1094 1947 hos
1142 1893 1468 1979 benignitate
1502 1910 1593 1946 re.

144 1966 413 2021 missionis
463 1986 689 2038 aequare.
747 1968 946 2021 Rursus
986 1985 1121 2038 ergo
1153 1968 1223 2020 iis
1268 1968 1367 2037 qui
1407 1968 1589 2020 solve-

143 2057 249 2093 rant
287 2081 303 2105 ‚
354 2040 471 2108 ejus
521 2045 667 2112 quod
706 2043 979 2095 solverant
1008 2082 1023 2106 ‚
1071 2042 1333 2101 decimam
1379 2042 1595 2096 remisi.

142 2114 230 2167 Per
263 2118 372 2169 hoc
409 2116 556 2168 enim
593 2115 871 2185 aptissime
911 2118 963 2169 δι
1007 2115 1066 2168 in
1099 2116 1426 2185 prateritum
1467 2116 1585 2167 sin-

142 2190 267 2257 gulis
295 2230 311 2253 ,
348 2206 450 2257 pro
487 2188 737 2260 cujusque
779 2191 974 2245 merito
997 2230 1011 2253 ,
1047 2192 1213 2259 gratia
1253 2188 1435 2241 referri
1468 2229 1483 2252 ‚
1529 2191 1583 2243 δε

140 2262 192 2313 in
227 2265 472 2316 futurum
522 2280 714 2317 omnes
767 2281 933 2334 quum
969 2262 1048 2315 'ad
1095 2264 1378 2316 emendum
1404 2300 1420 2324 ‚
1466 2278 1582 2315 tum

141 2337 294 2389 etiam
334 2339 401 2388 ad
430 2338 780 2402 solvendum,
818 2337 960 2390 allici
997 2337 1329 2389 videbantur.
1379 2337 1593 2406 Magno

139 2410 263 2463 mihi
305 2412 401 2463 seu
441 2411 583 2463 ratio
615 2413 728 2463 haec
748 2452 762 2475 ‚
795 2413 885 2464 seu
917 2411 1141 2464 facilitas
1170 2410 1310 2463 stetit
1330 2428 1347 2461 ι
1371 2411 1460 2462 sed
1482 2409 1591 2463 fuit
1670 2469 1678 2478 ι

137 2484 281 2538 tanti.
327 2486 471 2538 Nam
505 2485 728 2555 regione
760 2486 874 2538 tota
910 2488 962 2538 ὅ(
998 2484 1217 2537 novitas
1244 2484 1584 2536 remissionis

136 2559 186 2610 &
213 2560 391 2613 forma
428 2561 683 2612 laudatur.
724 2561 803 2611 Ex
834 2559 968 2628 ipsis
987 2559 1151 2611 etiam
1182 2575 1318 2628 quos
1340 2574 1453 2610 non
1462 2557 1584 2622 una

134 2633 159 2700 (
172 2648 230 2685 ut
261 2632 502 2699 dicitur)
543 2632 781 2702 pertica,
823 2634 914 2686 sed
943 2632 1184 2686 diffluae
1216 2632 1578 2703 gradatimque

135 2707 385 2769 tractavi,
426 2706 630 2776 quanto
667 2709 791 2775 quis
827 2706 1021 2759 melior
1045 2708 1097 2760 &
1136 2707 1392 2776 probior,
1426 2702 1584 2758 tant&

134 2780 261 2832 mihi
286 2780 587 2880 obligatior
596 2782 758 2844 abiit,
778 2796 1030 2879 expertus
1053 2798 1165 2833 non
1179 2780 1281 2833 effe
1301 2782 1439 2847 apud
1458 2795 1544 2831 me
1559 2816 1584 2843 ‚,

130 2864 188 2913 Eu
217 2850 278 2916 δὲ
310 2859 369 2933 ῒῖἶ
391 2858 529 2933 rapi?
552 2882 579 2920 η
564 2850 702 2931 μὶν
725 2881 916 2927 nanos,
942 2850 1025 2920 di
1050 2883 1145 2915 και
1128 2852 1385 2916 ἐσθλά.
