1951 3720
372 306 646 373 Epzs
684 320 807 374 To
839 322 1004 374 ωε.
1043 304 1201 377 Lib.
1237 307 1320 377 Ιῐ.
1493 328 1590 401 39

135 421 405 476 tristitiam
450 425 669 494 reliquae
707 437 880 490 partes
912 423 1142 479 astionis
1177 440 1398 479 exorare
1432 428 1594 480 debe-

134 496 279 550 bunt.
310 497 506 550 Adnisi
537 495 680 550 certe
711 497 888 550 sumus
914 537 931 563 ,
966 514 1029 551 ut
1065 500 1356 569 quamlibet
1386 500 1589 553 diversa

134 586 328 639 genera
349 572 617 625 lectorum
654 588 750 639 per
779 574 959 639 plures
978 573 1186 626 dicendi
1219 574 1420 641 species
1440 588 1590 626 tene·

132 661 331 701 remus.
381 647 464 698 Ac
500 646 643 698 sicut
677 661 926 697 veremur
945 685 967 709 ,
1006 664 1078 699 ne
1123 648 1432 716 quibusdam
1472 664 1592 715 pars

134 718 312 786 aliqua
363 719 655 772 secundum
692 719 839 770 suam
891 718 1142 789 cujusque
1194 736 1434 773 naturam
1481 735 1593 773 non

130 793 435 859 probetur,
479 794 554 845 ita
589 794 835 845 videmur
871 792 1021 861 pofl'e
1048 794 1344 858 confidere,
1370 809 1431 847 ut
1467 794 1594 847 uni-

130 866 455 918 versitatem
503 866 753 919 omnibus
792 866 1024 919 varietas
1074 868 1185 936 ipsa
1233 870 1595 924 commendet.

130 939 267 990 Nam
313 941 371 992 &
427 938 489 991 in
538 940 746 992 ratione
793 940 1177 993 conviviorum
1210 981 1228 1005 ‚
1274 941 1519 1011 quamvis
1562 959 1595 994 a

129 1013 403 1082 plerisque
425 1014 561 1066 cibis
584 1013 782 1084 singuli
805 1027 1162 1081 temperemus
1183 1055 1197 1079 ‚
1222 1030 1392 1067 rotam
1411 1029 1596 1067 tamen

131 1102 347 1138 coenam
378 1088 596 1139 laudare
628 1104 821 1139 omnes
847 1088 1117 1147 solemus·,
1150 1105 1248 1141 nec
1266 1106 1328 1141 ea
1359 1106 1473 1157 quae
1495 1088 1598 1141 sto·

132 1161 349 1212 machus
386 1160 571 1212 noster
588 1161 790 1213 recusat
803 1199 823 1223 ‚
843 1161 1082 1212 adimunt
1101 1163 1321 1231 gratiam
1343 1162 1448 1214 illis
1469 1162 1590 1230 qui-

131 1233 224 1285 bus
256 1234 496 1302 capitur.
533 1235 710 1303 Atque
732 1235 844 1286 haec
862 1251 969 1304 ego
991 1235 1068 1287 sic
1088 1236 1256 1304 accipi
1284 1238 1421 1288 volo
1443 1275 1458 1298 ‚
1483 1252 1601 1288 non

132 1320 417 1376 tamquam
441 1306 729 1360 affecutum
742 1323 828 1360 me
851 1307 954 1360 effe
973 1311 1202 1372 credam,
1216 1309 1306 1361 sed
1324 1324 1600 1378 tamquam

130 1379 341 1449 affequi
395 1383 755 1433 laboraverim
795 1399 812 1440 ·‚
870 1381 1083 1434 fortaffe
1124 1399 1238 1435 non
1288 1382 1470 1435 frustra
1496 1422 1511 1445 ‚
1551 1381 1600 1435 si

131 1453 300 1507 modo
345 1470 414 1507 tu
453 1472 632 1507 curam
665 1470 809 1506 ruam
845 1455 1152 1508 admoveris
1190 1456 1406 1508 interim
1443 1454 1552 1508 isti's
1580 1495 1600 1520 ,

132 1544 270 1580 mox
290 1528 383 1581 his
406 1546 528 1597 quae
550 1528 853 1596 sequuntur.
893 1529 1060 1581 Dices
1092 1545 1146 1581 te
1165 1546 1278 1581 non
1303 1528 1450 1598 posse
1470 1529 1599 1582 saris

133 1602 432 1672 diligenter
465 1602 522 1654 id
555 1602 724 1655 facere
746 1642 763 1666 ‚
800 1602 905 1655 nisi
935 1602 1088 1670 prius
1125 1616 1297 1654 totam
1332 1602 1600 1655 afflonem

136 1675 494 1745 cognoveris.
534 1676 758 1728 Fateor:
798 1676 857 1727 in
885 1675 1166 1743 praesentia
1203 1690 1384 1728 tamen
1419 1677 1471 1728 &
1508 1675 1604 1727 ista

139 1750 237 1802 tibi
285 1748 645 1802 familiariora
673 1747 845 1812 fient,
880 1749 933 1800 &
965 1750 1207 1816 quaedam
1249 1765 1320 1801 ex
1356 1748 1440 1800 his
1478 1749 1605 1801 talia
1643 1780 1646 1781 ν

140 1839 298 1878 erunt
318 1865 333 1888 ‚
378 1838 442 1876 ut
466 1839 565 1893 per
595 1837 770 1892 partes
798 1822 1076 1875 emendari
1111 1822 1358 1892 possints
1389 1823 1603 1875 Etenim

143 1899 180 1950 fi
216 1898 473 1951 avulsum
513 1897 692 1950 staruae
733 1910 888 1965 caput
926 1911 1020 1948 aut
1052 1898 1348 1948 membrum
1384 1897 1606 1966 aliquod

144 1971 440 2041 inspiceres
460 2011 479 2036 ‚
513 1988 629 2024 non
658 1985 721 2023 ru
764 1971 979 2039 quidem
1016 1986 1086 2022 ex
1131 1971 1227 2022 ino
1266 1969 1439 2038 poffes
1470 1987 1605 2023 con·

147 2046 450 2116 grnentiam
475 2046 937 2115 aequalitatemque
968 2045 1357 2112 deprehendere
1380 2062 1396 2104 ς
1429 2043 1605 2112 pofl‘es

150 2133 328 2171 tamen
360 2118 597 2183 iudicare
618 2158 635 2182 ,
672 2135 740 2170 an
775 2118 831 2170 id
853 2117 1027 2186 ipsmn
1050 2117 1174 2169 fatis
1206 2120 1418 2187 elegans
1456 2116 1613 2172 effer.

149 2194 261 2245 Nec
298 2194 407 2246 alia
436 2210 509 2246 ex
540 2192 691 2245 causa
726 2190 989 2260 principia
1031 2191 1289 2244 librorum
1326 2191 1610 2244 circumfe-

151 2282 341 2319 runtur
364 2307 381 2331 ‚
414 2265 576 2336 quam
607 2266 731 2335 quia
754 2264 1083 2317 existimatur
1104 2281 1223 2333 pars
1250 2264 1424 2333 aliqua
1443 2265 1610 2317 etiam

156 2340 269 2393 sine
304 2341 504 2394 ceteris
525 2338 631 2392 effe
666 2338 919 2408 petfeaa
958 2339 1196 2407 Longius
1222 2355 1309 2391 me
1347 2339 1608 2406 provexit

158 2416 382 2467 dulcedo
405 2415 649 2484 quaedam
681 2426 857 2465 tecum
883 2414 1166 2481 loquendi.
1188 2411 1320 2464 sed'
1306 2428 1423 2497 lam
1442 2411 1614 2464 finem

159 2489 377 2553 faciam,
417 2506 487 2540 ne
524 2488 784 2550 modum,
809 2502 969 2555 quem
994 2486 1154 2538 etiam
1191 2485 1428 2550 orationi
1458 2486 1614 2539 adhi-

159 2562 386 2617 bendum
420 2575 568 2632 puto
582 2600 598 2628 ,
638 2560 699 2614 in
735 2558 954 2630 epistola
992 2561 1262 2617 excedam.
1300 2547 1466 2618 Vale.
1569 2561 1588 2578 ’
