1951 3720
460 364 593 439 186
780 366 1041 433 CAH
1108 360 1530 429 PL1N11

533 486 1109 541 XXV.P1„1u1us
1147 485 1506 535 HISPAno
1548 491 1688 531 stro
1724 479 1772 532 S.

454 610 765 699 Quasiturum
785 605 841 675 fe
874 605 1113 675 promittit
1149 607 1205 654 de
1227 600 1362 670 forte
1389 601 1616 663 Robusti,
1649 602 1720 669 qui
1755 621 1838 669 per
1882 617 1883 650 ι

523 682 629 752 egr&
655 680 888 750 proserius
912 678 1133 747 nusquam
1151 676 1488 746 comparebat·
1469 709 1488 733 ‚
1516 676 1594 743 qui
1616 673 1734 742 casus
1751 677 1840 725 idem
1882 689 1883 700 ¹

521 757 678 808 evcnit
707 756 822 807 olim
835 753 1037 828 Prisco.
1882 773 1883 776 =

449 868 512 959 S
523 915 728 955 cums
742 900 1064 963 Robustum,
1084 897 1415 967 splendidum
1432 895 1668 966 equitem
1683 896 1843 947 Roma·
1882 895 1883 910 ¹

446 990 612 1040 num,
632 992 751 1027 cum
774 975 972 1026 Attilio
1003 975 1238 1037 Scauro,
1276 971 1450 1024 amico
1472 986 1637 1032 mee,
1671 968 1843 1021 Ocricu-
1882 983 1883 992 ¹

445 1048 560 1099 lum
587 1049 753 1117 usque
774 1064 1060 1100 commune
1092 1046 1194 1097 iter
1226 1043 1518 1114 peregiss'e,
1552 1044 1733 1095 deinde
1753 1043 1843 1092 nus·
1882 1075 1883 1084 ι

449 1136 609 1189 quam
638 1120 1022 1189 comparuiffe·
1049 1119 1187 1187 petis
1207 1134 1266 1171 ut
1285 1122 1506 1171 Scaurus
1526 1116 1732 1174 veniat,
1753 1115 1847 1168 nos-
1882 1119 1883 1122 ’

450 1210 590 1261 que,
624 1195 670 1246 si
706 1194 912 1262 potest,
956 1194 1015 1245 in
1048 1193 1223 1261 aliqua
1262 1190 1636 1261 inquisitionis
1671 1188 1847 1257 vestigia

448 1265 679 1319 inducat.
734 1267 977 1319 Veniet·
966 1302 982 1326 ,
1028 1282 1227 1318 vereor
1261 1282 1331 1317 ne
1373 1264 1614 1317 frustra·
1599 1304 1612 1315 .
1656 1262 1850 1329 suspicor

446 1338 595 1392 enim
629 1342 734 1391 tale
781 1339 960 1392 nescio
998 1338 1125 1407 quid
1159 1337 1394 1390 Robusto
1424 1335 1701 1399 accidifl'e,
1735 1336 1849 1403 quale

448 1412 734 1481 aliquando
772 1411 991 1465 Metilio
1030 1412 1222 1479 Crispo
1254 1410 1515 1479 municipi
1551 1426 1697 1462 meo,
1746 1407 1850 1458 Huic
1882 1443 1883 1454 ,

450 1501 555 1554 ego
594 1486 809 1537 ordines
845 1485 1292 1553 impetraveram,
1328 1500 1484 1552 atque
1524 1482 1690 1536 etiam
1721 1479 1850 1548 profi-

450 1558 669 1610 ciscenti
699 1560 1043 1627 quadraginta
1060 1560 1225 1612 millia
1255 1574 1533 1610 nummum
1557 1559 1625 1610 ad
1647 1554 1852 1607 instruen-

451 1633 578 1683 dum
597 1632 650 1683 se
682 1633 1081 1713 ornandumque
1105 1633 1464 1689 donaveram3
1489 1646 1589 1682 nec
1608 1628 1783 1710 postca⁰
1789 1640 1852 1677 aut

450 1703 699 1772 epistolas
736 1704 848 1769 eius
880 1743 895 1767 ‚
937 1720 1027 1756 aut
1079 1704 1311 1771 aliquem
1347 1707 1409 1756 de
1451 1703 1605 1757 exitu
1650 1700 1854 1773 nuntium

453 1778 653 1845 accepi.
696 1777 1091 1845 Interceptusne
1122 1778 1193 1829 sit
1225 1794 1256 1829 a
1291 1777 1434 1839 suis,
1473 1795 1540 1829 an
1578 1777 1700 1829 cum
1735 1774 1854 1834 suis,

452 1850 706 1903 dubium:
732 1867 878 1904 certe
911 1869 1024 1904 non
1055 1850 1201 1918 ipse,
1235 1868 1346 1904 non
1378 1850 1659 1920 quisquam
1688 1866 1751 1901 ex
1776 1849 1854 1898 ser-

454 1923 543 1976 vis
576 1922 691 1988 ejus
740 1925 1002 1993 apparuit.
1054 1924 1276 1976 Utinam
1313 1941 1380 1976 ne
1413 1925 1482 1990 mg
1500 1923 1735 1976 Robusto
1750 1921 1857 1972 idem

452 1997 791 2063 experiamur
820 2002 831 2051 !
877 1999 1080 2050 Tamen
1116 1997 1425 2051 arcess‘amus
1457 1999 1726 2050 Scaurum.
1769 1996 1854 2045 De-

454 2087 575 2123 mus
605 2071 709 2122 hoc
732 2071 877 2135 tuis,
901 2073 1085 2123 demus
1105 2071 1304 2155 optimi
1327 2072 1677 2124 adolescentis
1699 2067 1854 2123 hones-

452 2141 678 2195 tissimis
714 2144 991 2212 precibuS,
1029 2144 1122 2213 qui
1157 2145 1355 2212 pictate
1390 2144 1560 2208 mira,
1583 2140 1883 2196 miraetiamw

454 2214 771 2283 sagacitate,
811 2234 1016 2284 patrem
1048 2218 1254 2286 quaerit.
1300 2217 1398 2271 Dii
1435 2218 1692 2280 faveant,
1721 2227 1775 2265 ut
1801 2211 1883 2263 sic

452 2285 695 2340 inveniat
736 2289 908 2358 ipsum
929 2330 943 2355 ‚
988 2293 1435 2358 quemadmodum
1473 2291 1583 2357 jam
1627 2305 1746 2342 cum
1777 2301 1883 2354 quo

456 2359 634 2413 fuifl'et
670 2362 918 2417 invenit!
956 2365 1116 2419 Vale.

490 2481 732 2538 XXVI.
790 2485 1120 2537 PL1N1us
1159 2486 1574 2537 δειινιΑΝο
1619 2496 1758 2537 suo
1792 2464 1883 2533 S.

846 2604 1136 2656 Gratulatur
1171 2606 1252 2655 illi
1277 2623 1511 2674 generum.
1882 2614 1883 2671 ί

466 2692 788 2784 GAUDEO
833 2729 885 2779 δε
922 2729 1160 2796 gratulor
1183 2766 1198 2790 ‚
1237 2725 1383 2796 quod
1413 2725 1579 2778 Fusco
1607 2722 1855 2778 Salinatori
1882 2768 1883 2773 ,

455 2802 624 2855 filiam
673 2817 817 2853 tuam
857 2800 1133 2853 destinasti.
1183 2802 1396 2851 Domus
1433 2799 1654 2867 patricia
1693 2838 1706 2861 ,
1744 2810 1859 2865 pater

456 2874 857 2928 honestissimus
880 2912 895 2938 ‚
938 2889 1104 2925 mater
1158 2875 1273 2941 pari
1307 2874 1459 2924 laude
1492 2891 1506 2924 t
1539 2872 1654 2940 ipse
1684 2870 1754 2922 est
1780 2867 1860 2918 stu-

456 2948 636 3001 diosus
662 2987 677 3012 ‚
714 2947 978 3000 litteratus
1013 2986 1029 3011 ,
1073 2946 1236 2999 etiam
1276 2946 1496 2998 disertus
1529 2962 1546 3004 ;
1587 2960 1719 3012 puer
1758 2941 1859 2993 sim·
