1951 3720
379 293 941 366 EPISTOLAE.
970 293 1317 368 Lib.V11.
1450 318 1583 367 211

143 411 395 485 proxime
450 415 589 469 inter
641 415 847 468 amicos
894 415 1262 469 manumisisti.
1324 415 1473 469 Nihil
1518 415 1596 472 est

146 493 287 559 quod
322 491 561 546 verearis
584 531 598 553 ,
633 508 700 543 ne
748 490 820 542 sit
860 491 966 543 hoc
1011 491 1091 542 ini
1144 490 1423 543 molestum
1452 530 1467 554 ‚
1506 490 1595 543 cui

147 565 326 616 orbem
368 580 624 617 terrarum
651 563 929 617 circumire
961 582 1074 617 non
1096 564 1199 616 erit
1227 567 1450 634 longum
1476 564 1596 617 mei

144 638 318 690 causa.
351 638 585 692 Proinde
604 638 825 690 nimiam
850 637 997 690 istam
1022 638 1398 691 verecundiam
1417 653 1561 705 pone
1580 674 1597 701 ,

145 725 297 780 teque
339 712 476 779 quid
502 713 647 764 velis
679 713 915 764 consule.
950 712 1038 764 Illi
1069 728 1178 763 tam
1207 711 1499 778 jucundum
1524 709 1598 762 est

149 786 287 853 quod
311 801 419 854 ego
438 824 454 850 ‚
484 785 646 855 quam
669 785 802 837 mihi
822 787 969 853 quod
987 801 1046 837 tu
1064 784 1232 851 jubes.
1268 787 1428 839 Vale.

244 904 854 960 xV11.P1.11·11us
898 905 1192 959 CELERI
1235 920 1385 960 suo
1428 908 1483 961 S.

147 1000 439 1055 Orationes
454 1036 471 1062 ,
492 1004 539 1054 δ’
563 1003 780 1067 hzston'as
796 1037 814 1060 ,
845 1005 890 1053 6·
920 1005 1130 1055 carmina
1149 1006 1348 1057 recitare
1360 1007 1585 1075 perinde·

742 1100 862 1149 utile
901 1101 987 1159 est

149 1186 200 1278 S
219 1236 319 1276 UA
344 1222 551 1292 cuique
572 1221 711 1274 ratio
743 1221 1031 1275 recitandi·
1022 1258 1036 1282 ,
1075 1221 1246 1287 mihi,
1285 1227 1432 1293 quod
1454 1225 1595 1296 saepe

140 1296 239 1364 jam
266 1296 425 1361 dixi,
461 1312 523 1348 ut
551 1295 599 1348 si
635 1295 780 1379 quid.
804 1312 888 1348 me
927 1297 1104 1365 fugit,
1143 1312 1203 1348 ut
1240 1297 1382 1352 certe
1414 1300 1556 1370 fugit
1578 1335 1597 1364 ‚

140 1374 444 1424 admonear.
490 1368 619 1453 Quo
642 1368 813 1438 magis
834 1369 1001 1421 miror
1023 1372 1168 1438 quod
1197 1370 1414 1436 scribis,
1440 1372 1596 1427 fuiss‘e

143 1446 393 1514 quosdam
454 1444 548 1512 qui
600 1444 1047 1511 reprehenderent
1110 1443 1257 1512 quod
1317 1446 1596 1500 orationes

141 1519 365 1570 omnino
406 1518 722 1574 recitarem3
755 1516 861 1568 nisi
896 1516 1033 1569 vero
1067 1517 1160 1569 has
1182 1519 1319 1571 solas
1349 1538 1462 1572 non
1492 1539 1596 1589 pu-

141 1607 252 1643 tant
287 1593 659 1643 emendandas.
702 1590 750 1640 A
786 1590 1223 1658 quibuslibenter
1254 1595 1596 1661 requisierint

141 1682 229 1717 cur
270 1667 567 1718 concedant
598 1664 687 1732 (si
723 1665 1016 1715 concedant
1052 1664 1276 1730 tamen)
1317 1666 1593 1720 historiam

140 1741 321 1791 debere
355 1739 601 1802 recitari,
641 1755 759 1807 quae
792 1753 905 1788 non
941 1736 1326 1803 ostentationi,
1360 1740 1450 1791 sed
1468 1739 1596 1793 fidei

140 1813 465 1882 veritatique
509 1811 903 1880 componitur·‚
946 1828 1040 1863 cur
1079 1812 1392 1881 tragoediam
1421 1854 1435 1877 ,
1478 1832 1595 1884 quae

141 1905 248 1939 non
277 1888 607 1940 auditorium
627 1926 643 1949 ‚
677 1886 766 1937 sed
803 1886 1013 1938 scenam
1041 1887 1093 1937 δι
1116 1886 1321 1940 ειᾶοτεε
1344 1904 1360 1947 ;
1386 1892 1596 1959 curly-

139 1961 241 2014 rica
262 2001 277 2025 ,
304 1979 426 2030 quae
455 1978 568 2013 non
600 1959 852 2012 lectorem
878 1999 892 2024 ,
936 1959 1024 2011 sed
1061 1960 1283 2014 chorum
1329 1962 1383 2014 &
1417 1964 1594 2032 lyram

138 2036 384 2103 poscunt.
430 2037 500 2086 At
520 2035 713 2087 horum
734 2032 978 2085 recitatio
1001 2033 1098 2085 usu
1128 2032 1234 2098 jam
1258 2051 1468 2104 recepta
1486 2038 1593 2092 est:

137 2126 263 2161 num
302 2126 434 2179 ergo
477 2110 765 2176 culpandus
797 2106 870 2159 est
906 2108 999 2159 ille
1035 2106 1128 2176 qui
1163 2109 1374 2176 coepit?
1413 2127 1598 2179 quam·

139 2199 297 2251 quam
354 2182 629 2235 orationes
679 2199 895 2251 quoque
937 2181 989 2232 ὅ(
1035 2180 1199 2234 nostri
1237 2181 1450 2250 quidam
1477 2224 1492 2248 ,
1539 2186 1595 2238 δι

139 2255 316 2309 Graeci
336 2255 731 2309 lectitaverunt.
753 2257 1152 2324 Supervacuum
1167 2270 1346 2307 tamen
1368 2257 1441 2308 est
1461 2259 1595 2313 reci·

138 2343 243 2383 tare
295 2348 416 2399 quae
460 2330 699 2382 dixeris:
743 2330 906 2383 etiam
934 2368 949 2393 ‚
987 2329 1033 2382 si
1069 2331 1250 2383 eadem
1283 2331 1502 2396 omnia,
1540 2333 1590 2386 si

136 2402 324 2458 iisdem
348 2404 597 2457 omnibus
620 2444 634 2468 ,
661 2403 708 2458 si
740 2403 911 2455 statim
938 2403 1130 2456 recites
1153 2423 1165 2455 ε
1193 2402 1238 2456 si
1265 2401 1399 2456 veto
1423 2408 1593 2459 multa

137 2476 334 2531 inseras
356 2518 372 2543 ,
416 2481 583 2531 multa
621 2493 919 2531 commutes
946 2496 962 2536 ·‚
1005 2478 1051 2531 si
1086 2478 1338 2546 quosdam
1369 2496 1549 2531 novos
1573 2517 1590 2543 ,

137 2553 393 2621 quosdam
440 2553 654 2605 eosdem
677 2592 693 2617 ,
727 2553 811 2605 sed
856 2550 975 2620 post
1021 2566 1229 2620 tempus
1254 2591 1270 2614 ‚
1310 2550 1530 2603 affumas
1564 2572 1585 2613 3

136 2641 222 2678 cur
241 2626 428 2679 minus
451 2626 737 2696 probabilis
761 2626 832 2679 sit
854 2626 1003 2679 causa
1022 2624 1276 2678 recitandi
1297 2643 1414 2695 quae
1438 2626 1585 2678 dixe-

135 2699 242 2763 ris,
280 2699 447 2769 quam
484 2701 672 2753 edendi
710 2703 731 2754 ἓ
770 2701 873 2753 Sed
906 2699 1117 2752 difficile
1158 2698 1231 2752 est
1264 2714 1325 2752 ut
1367 2697 1543 2751 oratio
1573 2739 1591 2764 ,

134 2774 257 2826 dum
284 2773 541 2827 recitatur
568 2814 583 2839 ‚
619 2774 917 2828 satisfaciat.
958 2775 1076 2829 Jam
1114 2775 1217 2827 hoc
1248 2775 1311 2825 ad
1349 2774 1588 2825 laborem

133 2846 412 2902 recitantis
447 2849 682 2916 pertinet
705 2889 719 2913 ‚
756 2866 868 2901 non
899 2851 963 2901 ad
999 2848 1262 2905 rationem
1305 2864 1417 2898 non
1451 2846 1589 2899 reci-

135 2921 299 2978 tandi.
359 2924 473 2977 Nec
504 2922 641 2985 vero
677 2941 781 2997 ego
822 2924 948 2978 dum
984 2923 1154 2978 recito
1180 2963 1196 2989 ,
1228 2922 1424 2976 laudari
1448 2961 1464 2987 ,
1502 2921 1593 2977 sed
