1951 3720
318 289 897 359 EP1sToLAE.
938 290 1290 361 Lib.VII.
1397 312 1535 385 229

142 411 209 464 cio
239 428 339 479 quae
376 428 459 464 res
495 411 727 463 ferebat:
767 410 942 477 aliqua
972 410 1249 481 subjungo.
1293 413 1536 466 Vixdum

140 484 522 537 conticueramus
558 522 571 545 ‚
620 484 672 535 &
722 482 888 535 Mafl'a
934 484 1142 551 questus
1186 487 1539 538 Senecionem

140 575 226 609 non
260 557 498 610 advocati
532 555 693 607 fidem
713 595 727 618 ,
767 557 854 607 sed
893 556 1099 608 inimici
1134 559 1539 612 amaritudinem

141 630 335 699 implefl'e
356 670 370 693 ,
398 630 689 697 impietatis
721 647 870 681 reum
894 630 1141 697 postulat.
1188 633 1398 684 Horror
1428 650 1540 684 om·

140 706 285 756 nium:
320 720 422 773 ego
463 718 638 754 autem
674 742 689 765 ‚
736 702 954 760 Vereor,
995 703 1211 772 inquam
1234 743 1248 766 ,
1291 707 1544 757 clarissimi

141 776 349 842 consules,
391 795 450 826 ne
486 778 597 826 mihi
636 776 795 843 Maffa
836 778 1028 828 silentio
1057 777 1145 844 suo
1181 780 1544 846 praevaricatio-

140 869 217 901 nem
237 850 449 915 objecerit
466 886 483 905 ,
514 850 638 917 qubd
659 868 752 900 non
782 852 825 899 G·
848 868 917 900 me
939 870 1065 901 reum
1083 853 1361 919 postulavit.
1405 853 1539 918 Quae

139 940 229 975 vox
255 925 301 975 ὅ(
327 922 501 975 statim
536 937 790 990 excepta,
828 924 880 975 &
904 922 1083 990 postea
1101 927 1272 976 multo
1294 926 1542 978 sermone

138 1000 354 1050 celebrata
389 995 480 1048 est.
523 996 704 1047 Divus
736 996 949 1064 quidem
979 997 1198 1064 Nerva(
1219 1015 1340 1049 nam
1365 999 1543 1065 priva·

138 1084 202 1122 tus
228 1087 431 1139 quoque
451 1071 749 1121 attendebat
774 1068 857 1120 his
873 1108 888 1131 ‚
925 1086 1042 1137 quae
1063 1069 1202 1123 reffe
1234 1070 1291 1121 in
1325 1072 1541 1139 publico

138 1142 328 1211 fierent)
364 1143 545 1195 missis
576 1145 641 1194 ad
675 1159 759 1195 me
790 1142 1124 1210 gravissimis
1154 1144 1350 1197 litteris
1372 1183 1388 1207 ‚
1427 1162 1542 1198 non

77 1231 85 1243 '
140 1218 244 1270 mihi
259 1218 425 1270 solum
446 1256 462 1279 ‚
494 1216 680 1268 verum
716 1216 879 1270 etiam
909 1216 1186 1271 seculoest
1215 1220 1543 1285 gratulatus«,

138 1292 203 1343 cui
234 1292 531 1358 exemplum
565 1292 586 1357 (
620 1289 698 1341 sic
729 1290 873 1341 enim
905 1289 1152 1357 scripsit)
1184 1290 1362 1342 simile
1402 1292 1542 1343 anti-

141 1366 233 1433 quis
257 1361 580 1433 contigiss‘et.¹
605 1365 732 1415 Haec
749 1399 762 1422 ,
786 1378 1079 1430 utcumque
1109 1363 1161 1415 se
1181 1365 1377 1415 habent
1393 1402 1411 1427 ‚
1448 1382 1544 1416 no-

140 1438 284 1502 tiora,
323 1438 547 1490 clariora
575 1476 591 1499 ,
626 1435 828 1501 majora
872 1451 929 1487 tu
967 1436 1128 1489 facies
1164 1456 1179 1489 ε
1220 1453 1540 1505 quamquam

141 1528 231 1563 non
262 1512 415 1580 exigo
452 1525 512 1562 ut
548 1513 770 1562 excedas
816 1509 942 1562 aaae
982 1508 1059 1561 rei
1099 1512 1337 1565 modum.
1402 1512 1541 1564 Nam

141 1601 220 1636 nec
242 1584 445 1637 historia
483 1585 635 1636 debet
666 1584 844 1653 egredi
878 1583 1162 1637 veritatem
1182 1622 1202 1649 ,
1236 1584 1290 1638 δε
1323 1583 1542 1640 honeste

141 1658 263 1712 salis
293 1659 492 1712 vetitas
522 1657 731 1714 sufficit.
766 1658 921 1712 Vale.
