1951 3720
406 312 884 384 TRAIANO
957 327 1377 379 chrvs.
1494 334 1625 406 391

179 432 256 486 est
286 451 420 505 ergo
466 450 575 487 tam
613 431 694 486 tui
729 471 745 496 ,
782 446 894 484 tam
928 430 1142 501 ignarus
1177 431 1258 483 sui
1290 471 1306 497 ,
1349 447 1409 484 ut
1452 435 1634 487 locum

179 507 360 575 ipsum
397 507 516 577 post
562 522 617 560 te
656 506 1015 574 concupiscat.
1053 505 1279 559 Facilius
1320 505 1393 558 est
1430 522 1491 558 ut
1528 507 1633 561 effe

177 583 380 651 aliquis
435 580 690 635 succefl'or
735 596 859 633 tuus
902 578 1079 648 possit
1110 619 1125 644 ,
1167 579 1326 649 quam
1366 596 1427 632 ut
1472 581 1631 636 velit.

178 655 324 721 Quis
343 656 492 708 enim
518 673 654 709 curae
685 670 789 707 tuae
822 656 1026 707 molem
1054 654 1245 721 sponte
1273 654 1486 707 subeat?
1508 655 1631 722 quis

161 730 484 798 —comparari
504 730 605 782 tibi
626 745 739 781 non
768 728 1120 781 reformidet?
1144 728 1406 796 Expertus
1437 728 1490 778 ὅ(
1514 728 1629 796 ipse

159 819 236 854 .es
272 841 287 866 ,
330 802 492 872 quam
534 803 605 855 sit
646 802 935 855 onerosum
978 798 1254 853 succedere
1287 803 1436 853 bono
1474 801 1629 854 Prin-

159 875 292 943 ·cipi
328 916 344 941 ,
388 878 441 929 δι
488 874 737 944 afferebas
784 874 1185 928 excusationem
1236 874 1495 942 adoptati.
1539 876 1627 927 An

159 965 357 1019 ‘prona
376 966 646 1020 parvaque
665 950 784 1002 sunt
810 951 875 1002 ad
895 951 1248 1001 aemulandum
1264 988 1278 1013 ,
1301 946 1445 1017 quod
1463 960 1628 1001 nemo

174 1022 613 1077 incolumitatem
651 1024 979 1093 turpitudine
1016 1022 1258 1091 rependit
1297 1025 1319 1075 ἓ
1357 1023 1514 1075 Salva
1556 1021 1631 1075 est

177 1097 436 1150 omnibus
465 1099 581 1151 vita
602 1137 618 1163 ,
660 1100 713 1151 &
752 1097 981 1168 dignitas
1018 1096 1185 1156 vita-‚3
1221 1111 1319 1149 nec
1353 1094 1460 1161 jam
1491 1111 1627 1148 con-

175 1170 445 1224 sideratus
465 1188 524 1224 ac
546 1171 752 1240 sapiens
773 1211 789 1235 ,
815 1170 907 1241 qui
931 1185 1143 1222 aetatem
1164 1170 1221 1222 in
1244 1170 1473 1222 tenebris
1497 1171 1630 1240 agit.

175 1245 381 1297 Eadem
411 1247 611 1315 quippe
643 1246 736 1297 sub
774 1245 1019 1314 Principe
1050 1244 1339 1296 virtutibus
1371 1245 1588 1311 praemia
1608 1283 1627 1308 ,

176 1335 302 1386 quae
336 1319 394 1370 in
421 1319 662 1372 libertate
681 1337 698 1377 ·,
719 1334 818 1371 nec
846 1317 1134 1370 benefactis
1165 1316 1371 1369 tantum
1401 1333 1472 1369 ex
1503 1333 1630 1369 con-

177 1391 410 1445 scientia
463 1409 682 1445 merces.
739 1394 900 1444 Amas
963 1390 1313 1443 constantiam
1365 1389 1568 1442 civium
1600 1430 1618 1454 ,

161 1465 463 1536 *restosque
493 1483 553 1518 ac
580 1466 801 1518 vividos
836 1464 1047 1517 animos
1085 1480 1197 1517 non
1216 1478 1311 1528 ‚ut
1345 1463 1472 1526 alii,
1494 1470 1628 1515 con-

161 1539 366 1592 ¹tundis
406 1556 467 1593 ac
502 1538 755 1608 deprimis
780 1539 909 1601 ,sed
945 1539 1102 1591 foves
1141 1538 1194 1589 δι
1233 1538 1454 1589 attollis.
1495 1537 1631 1590 Pro'-

180 1610 294 1664 dest
339 1615 512 1666 bonos
547 1612 689 1676 effe,
728 1628 893 1680 quum
931 1611 1004 1663 sit
1036 1610 1160 1664 satis
1193 1611 1540 1678 abundeque,
1577 1609 1628 1664 si

157 1700 300 1738 ‘non
344 1702 554 1740 nocet.
597 1686 681 1739 his
722 1686 1001 1747 honores,
1028 1686 1113 1737 his
1153 1683 1447 1736 sacerdotia
1480 1721 1495 1746 ,
1540 1683 1630 1735 his

157 1755 497 1828 :provincias
534 1759 696 1812 offers
733 1777 746 1811 t
784 1758 843 1810 hi
885 1757 1119 1810 amicitia
1155 1756 1291 1820 tufi,
1328 1756 1387 1807 hi
1430 1755 1631 1819 judicio

155 1833 434 1888 florent.
477 1848 733 1886 acuuntur
767 1832 865 1884 isto
903 1831 1224 1902 integritatis
1267 1830 1320 1882 &
1361 1827 1628 1883 industriae

159 1908 366 1977 pretio
387 1908 633 1972 similes,
656 1906 943 1959 dissimiles
980 1905 1301 1958 alliciuntur.
1326 1905 1465 1956 Nam
1503 1917 1632 1972 prze-

159 1981 298 2033 ·mia
337 1984 603 2036 bonorum
634 1982 1003 2048 malorumque
1039 1979 1213 2031 bonos
1250 1993 1309 2029 ac
1346 1979 1516 2029 malos
1551 1977 1631 2030 fa-

161 2054 353 2107 ·ciunt.
397 2055 553 2107 Pauci
590 2055 722 2106 adeo
752 2051 974 2122 ingenio
1004 2052 1186 2103 valent
1207 2090 1222 2113 ,
1242 2065 1302 2101 ut
1334 2067 1447 2102 non
1476 2050 1631 2121 turpe

159 2127 611 2196 honestumque,
639 2135 802 2195 prout
841 2128 974 2178 bene
1005 2138 1095 2177 aut
1123 2125 1270 2176 secus
1297 2124 1497 2186 cessit,
1532 2137 1633 2177 ex-

161 2214 373 2270 „petant
406 2201 680 2270 fugiantve
722 2219 736 2253 ε
780 2198 981 2260 ceteri,
1020 2198 1109 2249 ubi
1151 2196 1350 2250 laboris
1385 2196 1590 2249 inertiae
1616 2235 1634 2261 ,

161 2274 480 2344 ·vigilantiae
517 2276 710 2327 somno
744 2312 759 2336 ,
801 2270 1116 2342 frugalitatis
1157 2269 1381 2323 luxuriae
1428 2287 1632 2324 merces

161 2350 336 2399 -datur
356 2350 576 2413 ,eadem
607 2347 728 2411 ista,
752 2346 940 2415 quibus
971 2345 1106 2397 alios
1137 2344 1335 2397 artibus
1369 2343 1631 2397 affecutos

163 2421 408 2487 vident,
442 2421 850 2479 consectantuu
876 2419 1160 2489 qualesque
1196 2418 1318 2472 sunt
1347 2417 1469 2481 illi,
1499 2420 1635 2472 tales

175 2494 287 2550 effe
329 2497 385 2548 δι
422 2494 608 2548 videri
631 2497 864 2557 volunt,
887 2495 939 2545 δε
983 2494 1107 2544 dum
1143 2495 1372 2555 volunt,
1400 2490 1556 2545 fiunt.

256 2569 433 2623 XLV.
472 2571 536 2623 Et
565 2569 774 2639 priores
810 2567 1026 2636 quidem
1062 2565 1380 2636 Principes»,
1401 2578 1637 2650 excepto

173 2657 336 2713 patre
374 2656 512 2706 tuo,
555 2657 811 2713 praeterea
853 2658 965 2694 uno
1007 2655 1096 2693 aut
1137 2642 1349 2704 altero,
1384 2641 1437 2692 &
1470 2637 1635 2693 nimis

179 2717 301 2770 dixi
340 2756 358 2781 ,
402 2717 557 2769 vitiis
596 2715 780 2787 potius
821 2715 1026 2768 civium
1067 2753 1082 2778 ‚
1133 2713 1291 2784 quam
1338 2711 1631 2766 virtutibus

177 2792 532 2844 laetabantur.
553 2788 787 2873 primum
813 2788 959 2858 quod
993 2788 1051 2839 in
1092 2790 1200 2841 alio
1234 2789 1326 2841 sua
1366 2804 1632 2856 quemque

180 2882 372 2917 natura
401 2864 663 2925 delectat3
683 2862 871 2917 deinde
903 2861 1075 2931 quod
1089 2862 1437 2932 patientiores
1468 2858 1634 2914 servi·

157 2938 317 2994 ¹tutis
355 2937 737 2993 arbitrabantur
767 2975 784 3003 ,
817 2952 956 3007 quos
991 2951 1107 2990 non
1145 2938 1351 3062 ἀεεοὲει
1384 2932 1487 2990 effe
1524 2932 1635 2987 nisi

1331 3025 1390 3062 iv

80 2548 122 2580 s
