<?xml version="1.0" encoding="UTF-8"?>
<!DOCTYPE html PUBLIC "-//W3C//DTD XHTML 1.0 Transitional//EN"
    "http://www.w3.org/TR/xhtml1/DTD/xhtml1-transitional.dtd">
<html xmlns="http://www.w3.org/1999/xhtml" xml:lang="en" lang="en">
 <head>
  <title>
</title>
<meta http-equiv="Content-Type" content="text/html;charset=utf-8" />
  <meta name='ocr-system' content='tesseract 3.04.00' />
  <meta name='ocr-capabilities' content='ocr_page ocr_carea ocr_par ocr_line ocrx_word'/>
</head>
<body>
  <div class='ocr_page' id='page_1' title='image "./panegyricus00lallgoog_0358.png"; bbox 0 0 1951 3720; ppageno 0'>
   <div class='ocr_carea' id='block_1_1' title="bbox 412 315 1661 496">
    <p class='ocr_par' dir='ltr' id='par_1_1' title="bbox 412 315 1661 496">
     <span class='ocr_line' id='line_1_1' title="bbox 412 315 1575 416; baseline -0.01 -22"><span class='ocrx_word' id='word_1_1' title='bbox 412 342 551 416; x_wconf 85' lang='lat'><em>330</em></span> <span class='ocrx_word' id='word_1_2' title='bbox 725 317 995 387; x_wconf 80' lang='lat' dir='ltr'><em>CAII</em></span> <span class='ocrx_word' id='word_1_3' title='bbox 1075 315 1575 385; x_wconf 60' lang='lat' dir='ltr'><em>Pitun-</em></span> 
     </span>
     <span class='ocr_line' id='line_1_2' title="bbox 582 437 1661 496; baseline -0.004 -2"><span class='ocrx_word' id='word_1_4' title='bbox 582 441 778 496; x_wconf 87' lang='lat' dir='ltr'>LXX.</span> <span class='ocrx_word' id='word_1_5' title='bbox 817 442 1241 493; x_wconf 59' lang='lat' dir='ltr'><em>TnAsAnus</em></span> <span class='ocrx_word' id='word_1_6' title='bbox 1283 438 1569 490; x_wconf 73' lang='lat' dir='ltr'><strong>PLnuo</strong></span> <span class='ocrx_word' id='word_1_7' title='bbox 1607 437 1661 490; x_wconf 84' lang='lat' dir='ltr'><em>S.</em></span> 
     </span>
    </p>
   </div>
   <div class='ocr_carea' id='block_1_2' title="bbox 393 547 1875 1165">
    <p class='ocr_par' dir='ltr' id='par_1_2' title="bbox 393 547 1875 1165">
     <span class='ocr_line' id='line_1_3' title="bbox 406 547 1873 644; baseline -0.005 -11"><span class='ocrx_word' id='word_1_8' title='bbox 406 547 550 633; x_wconf 88' lang='lat' dir='ltr'><em>M</em></span> <span class='ocrx_word' id='word_1_9' title='bbox 555 596 912 634; x_wconf 68' lang='lat' dir='ltr'><em>Anlttsrvu</em></span> <span class='ocrx_word' id='word_1_10' title='bbox 952 583 1049 644; x_wconf 86' lang='lat' dir='ltr'><em>est,</em></span> <span class='ocrx_word' id='word_1_11' title='bbox 1089 581 1152 630; x_wconf 85' lang='lat' dir='ltr'><em>mi</em></span> <span class='ocrx_word' id='word_1_12' title='bbox 1183 580 1397 631; x_wconf 80' lang='lat' dir='ltr'><em>Secunde</em></span> <span class='ocrx_word' id='word_1_13' title='bbox 1438 578 1671 629; x_wconf 81' lang='lat' dir='ltr'><em>carissime</em></span> <span class='ocrx_word' id='word_1_14' title='bbox 1695 612 1712 634; x_wconf 89' lang='lat'><strong>,</strong></span> <span class='ocrx_word' id='word_1_15' title='bbox 1746 595 1811 628; x_wconf 81' lang='lat' dir='ltr'><em>net</em></span> <span class='ocrx_word' id='word_1_16' title='bbox 1872 576 1873 579; x_wconf 66' lang='grc'>’</span> 
     </span>
     <span class='ocr_line' id='line_1_4' title="bbox 397 651 1813 725; baseline -0.004 -20"><span class='ocrx_word' id='word_1_17' title='bbox 397 659 698 725; x_wconf 81' lang='lat' dir='ltr'><em>prudentiam</em></span> <span class='ocrx_word' id='word_1_18' title='bbox 736 676 820 705; x_wconf 79' lang='lat' dir='ltr'><em>nec</em></span> <span class='ocrx_word' id='word_1_19' title='bbox 856 656 1152 724; x_wconf 83' lang='lat' dir='ltr'><em>diligentiam</em></span> <span class='ocrx_word' id='word_1_20' title='bbox 1192 655 1281 703; x_wconf 83' lang='lat' dir='ltr'><em>tibi</em></span> <span class='ocrx_word' id='word_1_21' title='bbox 1316 651 1511 717; x_wconf 79' lang='lat' dir='ltr'><em>defuiffe</em></span> <span class='ocrx_word' id='word_1_22' title='bbox 1555 653 1677 701; x_wconf 77' lang='lat' dir='ltr'><em>circa</em></span> <span class='ocrx_word' id='word_1_23' title='bbox 1710 653 1813 713; x_wconf 84' lang='lat' dir='ltr'><em>istum</em></span> 
     </span>
     <span class='ocr_line' id='line_1_5' title="bbox 403 718 1875 797; baseline -0.004 -19"><span class='ocrx_word' id='word_1_24' title='bbox 403 731 556 779; x_wconf 84' lang='lat' dir='ltr'><em>lacum</em></span> <span class='ocrx_word' id='word_1_25' title='bbox 581 765 597 789; x_wconf 90' lang='lat'>,</span> <span class='ocrx_word' id='word_1_26' title='bbox 643 749 775 797; x_wconf 83' lang='lat' dir='ltr'><em>quum</em></span> <span class='ocrx_word' id='word_1_27' title='bbox 817 746 912 779; x_wconf 84' lang='lat' dir='ltr'><em>tam</em></span> <span class='ocrx_word' id='word_1_28' title='bbox 958 730 1108 779; x_wconf 80' lang='lat' dir='ltr'><em>multa</em></span> <span class='ocrx_word' id='word_1_29' title='bbox 1139 724 1336 795; x_wconf 78' lang='lat' dir='ltr'><em>provisa</em></span> <span class='ocrx_word' id='word_1_30' title='bbox 1370 726 1541 774; x_wconf 78' lang='lat' dir='ltr'><em>habeas</em></span> <span class='ocrx_word' id='word_1_31' title='bbox 1575 764 1591 788; x_wconf 85' lang='lat'>,</span> <span class='ocrx_word' id='word_1_32' title='bbox 1627 743 1709 792; x_wconf 85' lang='lat' dir='ltr'><em>per</em></span> <span class='ocrx_word' id='word_1_33' title='bbox 1740 741 1815 791; x_wconf 74' lang='lat' dir='ltr'><em>que</em></span> <span class='ocrx_word' id='word_1_34' title='bbox 1874 718 1875 735; x_wconf 59' lang='lat'>¹</span> 
     </span>
     <span class='ocr_line' id='line_1_6' title="bbox 401 795 1816 871; baseline -0.005 -18"><span class='ocrx_word' id='word_1_35' title='bbox 401 821 489 853; x_wconf 80' lang='lat' dir='ltr'><em>nec</em></span> <span class='ocrx_word' id='word_1_36' title='bbox 534 804 835 871; x_wconf 79' lang='lat' dir='ltr'><em>periclitetur</em></span> <span class='ocrx_word' id='word_1_37' title='bbox 874 802 1152 857; x_wconf 80' lang='lat' dir='ltr'><em>exhauriri,</em></span> <span class='ocrx_word' id='word_1_38' title='bbox 1206 802 1251 850; x_wconf 71' lang='grc' dir='ltr'><em>δ’</em></span> <span class='ocrx_word' id='word_1_39' title='bbox 1291 800 1437 868; x_wconf 81' lang='lat' dir='ltr'><em>magis</em></span> <span class='ocrx_word' id='word_1_40' title='bbox 1474 800 1523 848; x_wconf 81' lang='lat' dir='ltr'><em>in</em></span> <span class='ocrx_word' id='word_1_41' title='bbox 1560 795 1662 864; x_wconf 75' lang='lat' dir='ltr'><em>usus</em></span> <span class='ocrx_word' id='word_1_42' title='bbox 1709 798 1816 847; x_wconf 77' lang='lat' dir='ltr'><em>nobis</em></span> 
     </span>
     <span class='ocr_line' id='line_1_7' title="bbox 393 867 1819 944; baseline -0.005 -19"><span class='ocrx_word' id='word_1_43' title='bbox 393 873 586 944; x_wconf 70' lang='lat' dir='ltr'><em>flaturus</em></span> <span class='ocrx_word' id='word_1_44' title='bbox 624 877 705 926; x_wconf 78' lang='lat' dir='ltr'><em>sit.</em></span> <span class='ocrx_word' id='word_1_45' title='bbox 747 876 888 944; x_wconf 84' lang='lat' dir='ltr'><em>Elige</em></span> <span class='ocrx_word' id='word_1_46' title='bbox 923 875 1071 944; x_wconf 80' lang='lat' dir='ltr'><em>igitur</em></span> <span class='ocrx_word' id='word_1_47' title='bbox 1090 876 1143 924; x_wconf 77' lang='lat' dir='ltr'><em>id</em></span> <span class='ocrx_word' id='word_1_48' title='bbox 1164 907 1178 932; x_wconf 92' lang='lat'>‚</span> <span class='ocrx_word' id='word_1_49' title='bbox 1207 875 1333 941; x_wconf 82' lang='lat' dir='ltr'><em>quod</em></span> <span class='ocrx_word' id='word_1_50' title='bbox 1363 871 1598 941; x_wconf 65' lang='lat' dir='ltr'><em>praecipue</em></span> <span class='ocrx_word' id='word_1_51' title='bbox 1635 889 1702 920; x_wconf 83' lang='lat' dir='ltr'><em>res</em></span> <span class='ocrx_word' id='word_1_52' title='bbox 1738 867 1819 938; x_wconf 77' lang='lat' dir='ltr'><em>ipsa</em></span> 
     </span>
     <span class='ocr_line' id='line_1_8' title="bbox 398 945 1819 1017; baseline -0.004 -20"><span class='ocrx_word' id='word_1_53' title='bbox 398 946 621 1016; x_wconf 78' lang='lat' dir='ltr'><em>suaserit.</em></span> <span class='ocrx_word' id='word_1_54' title='bbox 668 949 971 1017; x_wconf 83' lang='lat' dir='ltr'><em>Calpurnium</em></span> <span class='ocrx_word' id='word_1_55' title='bbox 1007 949 1223 997; x_wconf 79' lang='lat' dir='ltr'><em>Macrum</em></span> <span class='ocrx_word' id='word_1_56' title='bbox 1260 949 1400 997; x_wconf 80' lang='lat' dir='ltr'><em>credo</em></span> <span class='ocrx_word' id='word_1_57' title='bbox 1420 945 1655 1012; x_wconf 69' lang='lat' dir='ltr'><em>fixHurum</em></span> <span class='ocrx_word' id='word_1_58' title='bbox 1679 978 1691 1002; x_wconf 91' lang='lat'><em>,</em></span> <span class='ocrx_word' id='word_1_59' title='bbox 1726 960 1819 992; x_wconf 78' lang='lat' dir='ltr'><em>utte</em></span> 
     </span>
     <span class='ocr_line' id='line_1_9' title="bbox 404 1017 1820 1089; baseline -0.003 -19"><span class='ocrx_word' id='word_1_60' title='bbox 404 1022 635 1073; x_wconf 84' lang='lat' dir='ltr'><em>libratore</em></span> <span class='ocrx_word' id='word_1_61' title='bbox 694 1024 893 1084; x_wconf 79' lang='lat' dir='ltr'><em>instruat</em></span> <span class='ocrx_word' id='word_1_62' title='bbox 929 1037 947 1072; x_wconf 91' lang='lat'><em>.·</em></span> <span class='ocrx_word' id='word_1_63' title='bbox 991 1038 1137 1088; x_wconf 84' lang='lat' dir='ltr'><em>neque</em></span> <span class='ocrx_word' id='word_1_64' title='bbox 1178 1020 1300 1071; x_wconf 82' lang='lat' dir='ltr'><em>enim</em></span> <span class='ocrx_word' id='word_1_65' title='bbox 1345 1019 1610 1089; x_wconf 70' lang='lat' dir='ltr'><em>provincia</em></span> <span class='ocrx_word' id='word_1_66' title='bbox 1650 1018 1738 1082; x_wconf 74' lang='lat' dir='ltr'><em>1⁶stae</em></span> <span class='ocrx_word' id='word_1_67' title='bbox 1769 1017 1820 1066; x_wconf 75' lang='lat' dir='ltr'><em>lais</em></span> 
     </span>
     <span class='ocr_line' id='line_1_10' title="bbox 404 1096 886 1165; baseline 0.004 -21"><span class='ocrx_word' id='word_1_68' title='bbox 404 1096 665 1165; x_wconf 65' lang='lat' dir='ltr'><em>artificibus</em></span> <span class='ocrx_word' id='word_1_69' title='bbox 706 1111 886 1146; x_wconf 83' lang='lat' dir='ltr'><em>carent.</em></span> 
     </span>
    </p>
   </div>
   <div class='ocr_carea' id='block_1_3' title="bbox 405 1200 1881 1268">
    <p class='ocr_par' dir='ltr' id='par_1_3' title="bbox 405 1200 1881 1268">
     <span class='ocr_line' id='line_1_11' title="bbox 405 1200 1881 1268; baseline -0.002 -1"><span class='ocrx_word' id='word_1_70' title='bbox 405 1213 642 1268; x_wconf 85' lang='lat' dir='ltr'><strong>LXXI.</strong></span> <span class='ocrx_word' id='word_1_71' title='bbox 683 1215 1024 1268; x_wconf 70' lang='lat' dir='ltr'><em>Ptnuus</em></span> <span class='ocrx_word' id='word_1_72' title='bbox 1061 1214 1445 1266; x_wconf 68' lang='lat' dir='ltr'><em>TRAJAno</em></span> <span class='ocrx_word' id='word_1_73' title='bbox 1483 1214 1748 1265; x_wconf 69' lang='lat' dir='ltr'>IMPBR.</span> <span class='ocrx_word' id='word_1_74' title='bbox 1779 1212 1821 1266; x_wconf 85' lang='lat' dir='ltr'><em>S.</em></span> <span class='ocrx_word' id='word_1_75' title='bbox 1880 1200 1881 1203; x_wconf 59' lang='grc'>’</span> 
     </span>
    </p>
   </div>
   <div class='ocr_carea' id='block_1_4' title="bbox 487 1331 1754 1495">
    <p class='ocr_par' dir='ltr' id='par_1_4' title="bbox 487 1331 1754 1495">
     <span class='ocr_line' id='line_1_12' title="bbox 487 1331 1754 1404; baseline -0.001 -16"><span class='ocrx_word' id='word_1_76' title='bbox 487 1337 574 1388; x_wconf 86' lang='lat' dir='ltr'><em>De</em></span> <span class='ocrx_word' id='word_1_77' title='bbox 628 1332 877 1404; x_wconf 70' lang='lat' dir='ltr'><em>offertione</em></span> <span class='ocrx_word' id='word_1_78' title='bbox 932 1334 1234 1404; x_wconf 81' lang='lat' dir='ltr'><em>ingenuorum</em></span> <span class='ocrx_word' id='word_1_79' title='bbox 1271 1367 1290 1391; x_wconf 87' lang='lat'>‚</span> <span class='ocrx_word' id='word_1_80' title='bbox 1347 1334 1427 1402; x_wconf 79' lang='lat' dir='ltr'><em>qui</em></span> <span class='ocrx_word' id='word_1_81' title='bbox 1472 1352 1567 1404; x_wconf 82' lang='lat' dir='ltr'><em>pro</em></span> <span class='ocrx_word' id='word_1_82' title='bbox 1607 1331 1754 1403; x_wconf 69' lang='lat' dir='ltr'><em>fetri-⁸</em></span> 
     </span>
     <span class='ocr_line' id='line_1_13' title="bbox 950 1428 1307 1495; baseline 0 -14"><span class='ocrx_word' id='word_1_83' title='bbox 950 1431 1140 1481; x_wconf 78' lang='lat' dir='ltr'><em>educati</em></span> <span class='ocrx_word' id='word_1_84' title='bbox 1173 1428 1307 1495; x_wconf 80' lang='lat' dir='ltr'><em>sunt.</em></span> 
     </span>
    </p>
   </div>
   <div class='ocr_carea' id='block_1_5' title="bbox 366 1534 1889 2821">
    <p class='ocr_par' dir='ltr' id='par_1_5' title="bbox 366 1534 1889 2821">
     <span class='ocr_line' id='line_1_14' title="bbox 404 1534 1885 1641; baseline -0.001 -15"><span class='ocrx_word' id='word_1_85' title='bbox 404 1534 519 1627; x_wconf 87' lang='grc' dir='ltr'>Μ</span> <span class='ocrx_word' id='word_1_86' title='bbox 541 1582 696 1625; x_wconf 70' lang='lat' dir='ltr'><em>Aen</em></span> <span class='ocrx_word' id='word_1_87' title='bbox 715 1585 756 1624; x_wconf 76' lang='grc' dir='ltr'><strong>Α</strong></span> <span class='ocrx_word' id='word_1_88' title='bbox 776 1611 792 1635; x_wconf 87' lang='grc'><em>,</em></span> <span class='ocrx_word' id='word_1_89' title='bbox 817 1568 1060 1623; x_wconf 84' lang='lat' dir='ltr'><em>Domine</em></span> <span class='ocrx_word' id='word_1_90' title='bbox 1080 1609 1096 1634; x_wconf 86' lang='lat'>‚</span> <span class='ocrx_word' id='word_1_91' title='bbox 1124 1571 1177 1622; x_wconf 78' lang='grc' dir='ltr'><em>δι</em></span> <span class='ocrx_word' id='word_1_92' title='bbox 1212 1572 1278 1622; x_wconf 84' lang='lat' dir='ltr'><em>ad</em></span> <span class='ocrx_word' id='word_1_93' title='bbox 1306 1585 1478 1624; x_wconf 83' lang='lat' dir='ltr'><em>totam</em></span> <span class='ocrx_word' id='word_1_94' title='bbox 1514 1572 1824 1641; x_wconf 76' lang='lat' dir='ltr'><em>provinciam</em></span> <span class='ocrx_word' id='word_1_95' title='bbox 1884 1574 1885 1581; x_wconf 76' lang='grc'>’</span> 
     </span>
     <span class='ocr_line' id='line_1_15' title="bbox 399 1643 1887 1714; baseline -0.001 -16"><span class='ocrx_word' id='word_1_96' title='bbox 399 1648 678 1713; x_wconf 81' lang='lat' dir='ltr'><em>pertinens</em></span> <span class='ocrx_word' id='word_1_97' title='bbox 710 1643 928 1714; x_wconf 79' lang='lat' dir='ltr'>quaeffio</span> <span class='ocrx_word' id='word_1_98' title='bbox 961 1644 1036 1696; x_wconf 87' lang='lat' dir='ltr'><em>est</em></span> <span class='ocrx_word' id='word_1_99' title='bbox 1066 1645 1130 1695; x_wconf 89' lang='lat' dir='ltr'><em>de</em></span> <span class='ocrx_word' id='word_1_100' title='bbox 1157 1645 1473 1698; x_wconf 82' lang='lat' dir='ltr'><em>conditione</em></span> <span class='ocrx_word' id='word_1_101' title='bbox 1510 1648 1563 1699; x_wconf 75' lang='grc' dir='ltr'><em>δι</em></span> <span class='ocrx_word' id='word_1_102' title='bbox 1589 1647 1826 1699; x_wconf 78' lang='lat' dir='ltr'><em>alimentis</em></span> <span class='ocrx_word' id='word_1_103' title='bbox 1886 1684 1887 1713; x_wconf 30' lang='grc' dir='ltr'>ἰ</span> 
     </span>
     <span class='ocr_line' id='line_1_16' title="bbox 403 1712 1827 1795; baseline -0.001 -23"><span class='ocrx_word' id='word_1_104' title='bbox 403 1736 592 1772; x_wconf 83' lang='lat' dir='ltr'><em>eorum</em></span> <span class='ocrx_word' id='word_1_105' title='bbox 614 1756 630 1781; x_wconf 88' lang='lat'><strong>‚</strong></span> <span class='ocrx_word' id='word_1_106' title='bbox 667 1736 803 1787; x_wconf 83' lang='lat' dir='ltr'><strong>quos</strong></span> <span class='ocrx_word' id='word_1_107' title='bbox 836 1712 1323 1795; x_wconf 24' lang='lat' dir='ltr'><em>vocantis-gumtis.</em></span> <span class='ocrx_word' id='word_1_108' title='bbox 1360 1719 1427 1771; x_wconf 86' lang='lat' dir='ltr'><em>In</em></span> <span class='ocrx_word' id='word_1_109' title='bbox 1456 1737 1561 1788; x_wconf 82' lang='lat' dir='ltr'><em>qua</em></span> <span class='ocrx_word' id='word_1_110' title='bbox 1589 1737 1694 1790; x_wconf 88' lang='lat' dir='ltr'><em>ego</em></span> <span class='ocrx_word' id='word_1_111' title='bbox 1714 1760 1728 1784; x_wconf 85' lang='lat'>‚</span> <span class='ocrx_word' id='word_1_112' title='bbox 1759 1738 1827 1771; x_wconf 84' lang='lat' dir='ltr'><em>au·</em></span> 
     </span>
     <span class='ocr_line' id='line_1_17' title="bbox 394 1796 1829 1866; baseline -0.001 -17"><span class='ocrx_word' id='word_1_113' title='bbox 394 1797 531 1849; x_wconf 84' lang='lat' dir='ltr'><em>-ditis</em></span> <span class='ocrx_word' id='word_1_114' title='bbox 570 1796 1035 1849; x_wconf 84' lang='lat' dir='ltr'><em>constitutionibus</em></span> <span class='ocrx_word' id='word_1_115' title='bbox 1075 1797 1382 1866; x_wconf 79' lang='lat' dir='ltr'><em>Principum</em></span> <span class='ocrx_word' id='word_1_116' title='bbox 1403 1836 1419 1859; x_wconf 87' lang='lat'>,</span> <span class='ocrx_word' id='word_1_117' title='bbox 1457 1797 1587 1865; x_wconf 85' lang='lat' dir='ltr'><em>quia</em></span> <span class='ocrx_word' id='word_1_118' title='bbox 1612 1798 1740 1849; x_wconf 84' lang='lat' dir='ltr'><em>nihil</em></span> <span class='ocrx_word' id='word_1_119' title='bbox 1761 1798 1829 1848; x_wconf 88' lang='lat' dir='ltr'><em>in·</em></span> 
     </span>
     <span class='ocr_line' id='line_1_18' title="bbox 403 1870 1889 1940; baseline 0 -17"><span class='ocrx_word' id='word_1_120' title='bbox 403 1872 693 1924; x_wconf 81' lang='lat' dir='ltr'><em>veniebam</em></span> <span class='ocrx_word' id='word_1_121' title='bbox 726 1885 816 1923; x_wconf 84' lang='lat' dir='ltr'><em>aut</em></span> <span class='ocrx_word' id='word_1_122' title='bbox 852 1871 1165 1939; x_wconf 85' lang='lat' dir='ltr'><em>proprium,</em></span> <span class='ocrx_word' id='word_1_123' title='bbox 1206 1887 1294 1924; x_wconf 84' lang='lat' dir='ltr'><em>aut</em></span> <span class='ocrx_word' id='word_1_124' title='bbox 1326 1870 1631 1924; x_wconf 82' lang='lat' dir='ltr'><em>universale</em></span> <span class='ocrx_word' id='word_1_125' title='bbox 1657 1912 1673 1936; x_wconf 92' lang='lat'>,</span> <span class='ocrx_word' id='word_1_126' title='bbox 1711 1873 1832 1940; x_wconf 83' lang='lat' dir='ltr'><strong>quod</strong></span> <span class='ocrx_word' id='word_1_127' title='bbox 1888 1881 1889 1888; x_wconf 77' lang='grc'>’</span> 
     </span>
     <span class='ocr_line' id='line_1_19' title="bbox 399 1944 1830 2013; baseline 0.002 -19"><span class='ocrx_word' id='word_1_128' title='bbox 399 1946 471 1997; x_wconf 66' lang='lat' dir='ltr'><em>,ad</em></span> <span class='ocrx_word' id='word_1_129' title='bbox 508 1945 775 2013; x_wconf 82' lang='lat' dir='ltr'><em>Bithynos</em></span> <span class='ocrx_word' id='word_1_130' title='bbox 810 1944 1033 1996; x_wconf 85' lang='lat' dir='ltr'><em>ferretur</em></span> <span class='ocrx_word' id='word_1_131' title='bbox 1066 1984 1082 2009; x_wconf 85' lang='lat'>‚</span> <span class='ocrx_word' id='word_1_132' title='bbox 1136 1946 1518 1998; x_wconf 83' lang='lat' dir='ltr'><em>consulendum</em></span> <span class='ocrx_word' id='word_1_133' title='bbox 1563 1958 1617 1997; x_wconf 85' lang='lat' dir='ltr'><em>te</em></span> <span class='ocrx_word' id='word_1_134' title='bbox 1672 1944 1830 1998; x_wconf 78' lang='lat' dir='ltr'><em>existi·</em></span> 
     </span>
     <span class='ocr_line' id='line_1_20' title="bbox 403 2015 1829 2087; baseline 0 -17"><span class='ocrx_word' id='word_1_135' title='bbox 403 2017 553 2070; x_wconf 81' lang='lat' dir='ltr'><em>mavi</em></span> <span class='ocrx_word' id='word_1_136' title='bbox 572 2057 589 2082; x_wconf 85' lang='lat'>‚</span> <span class='ocrx_word' id='word_1_137' title='bbox 615 2015 744 2086; x_wconf 86' lang='lat' dir='ltr'><em>quid</em></span> <span class='ocrx_word' id='word_1_138' title='bbox 776 2018 1046 2070; x_wconf 81' lang='lat' dir='ltr'><em>observari</em></span> <span class='ocrx_word' id='word_1_139' title='bbox 1068 2020 1255 2071; x_wconf 80' lang='lat' dir='ltr'><em>velles.</em></span> <span class='ocrx_word' id='word_1_140' title='bbox 1288 2020 1476 2087; x_wconf 81' lang='lat' dir='ltr'><em>Neque</em></span> <span class='ocrx_word' id='word_1_141' title='bbox 1496 2018 1647 2071; x_wconf 88' lang='lat' dir='ltr'><em>enim</em></span> <span class='ocrx_word' id='word_1_142' title='bbox 1668 2017 1829 2087; x_wconf 77' lang='lat' dir='ltr'><em>putavi</em></span> 
     </span>
     <span class='ocr_line' id='line_1_21' title="bbox 395 2090 1829 2160; baseline 0 -17"><span class='ocrx_word' id='word_1_143' title='bbox 395 2090 557 2160; x_wconf 72' lang='lat' dir='ltr'><em>poss‘e</em></span> <span class='ocrx_word' id='word_1_144' title='bbox 598 2108 685 2143; x_wconf 86' lang='lat' dir='ltr'><em>me</em></span> <span class='ocrx_word' id='word_1_145' title='bbox 720 2092 780 2143; x_wconf 86' lang='lat' dir='ltr'><em>in</em></span> <span class='ocrx_word' id='word_1_146' title='bbox 819 2108 888 2144; x_wconf 89' lang='lat' dir='ltr'><em>eo</em></span> <span class='ocrx_word' id='word_1_147' title='bbox 910 2131 926 2156; x_wconf 88' lang='lat'><strong>‚</strong></span> <span class='ocrx_word' id='word_1_148' title='bbox 964 2094 1115 2160; x_wconf 80' lang='lat' dir='ltr'>quod</span> <span class='ocrx_word' id='word_1_149' title='bbox 1148 2092 1523 2144; x_wconf 64' lang='lat' dir='ltr'><em>auctoritatem</em></span> <span class='ocrx_word' id='word_1_150' title='bbox 1559 2106 1707 2144; x_wconf 83' lang='lat' dir='ltr'><em>tuam</em></span> <span class='ocrx_word' id='word_1_151' title='bbox 1727 2092 1829 2160; x_wconf 89' lang='lat' dir='ltr'><em>pos·</em></span> 
     </span>
     <span class='ocr_line' id='line_1_22' title="bbox 405 2163 1832 2233; baseline 0 -17"><span class='ocrx_word' id='word_1_152' title='bbox 405 2180 549 2216; x_wconf 82' lang='lat' dir='ltr'><em>cetet</em></span> <span class='ocrx_word' id='word_1_153' title='bbox 581 2203 597 2227; x_wconf 86' lang='lat'>‚</span> <span class='ocrx_word' id='word_1_154' title='bbox 644 2163 906 2233; x_wconf 85' lang='lat' dir='ltr'><em>exemplis</em></span> <span class='ocrx_word' id='word_1_155' title='bbox 960 2165 1065 2217; x_wconf 78' lang='lat' dir='ltr'><em>effe</em></span> <span class='ocrx_word' id='word_1_156' title='bbox 1123 2181 1454 2218; x_wconf 85' lang='lat' dir='ltr'><em>contentum.</em></span> <span class='ocrx_word' id='word_1_157' title='bbox 1518 2165 1832 2218; x_wconf 81' lang='lat' dir='ltr'><em>Recitabatur</em></span> 
     </span>
     <span class='ocr_line' id='line_1_23' title="bbox 403 2237 1831 2307; baseline 0.001 -18"><span class='ocrx_word' id='word_1_158' title='bbox 403 2252 585 2290; x_wconf 79' lang='lat' dir='ltr'><em>autem</em></span> <span class='ocrx_word' id='word_1_159' title='bbox 624 2240 762 2307; x_wconf 88' lang='lat' dir='ltr'><em>apud</em></span> <span class='ocrx_word' id='word_1_160' title='bbox 798 2255 884 2291; x_wconf 88' lang='lat' dir='ltr'><em>me</em></span> <span class='ocrx_word' id='word_1_161' title='bbox 920 2239 1152 2290; x_wconf 60' lang='lat' dir='ltr'><em>edissum</em></span> <span class='ocrx_word' id='word_1_162' title='bbox 1189 2278 1203 2302; x_wconf 84' lang='lat'>,</span> <span class='ocrx_word' id='word_1_163' title='bbox 1255 2241 1399 2307; x_wconf 80' lang='lat' dir='ltr'>quod</span> <span class='ocrx_word' id='word_1_164' title='bbox 1436 2238 1707 2290; x_wconf 86' lang='lat' dir='ltr'><em>dicebatur</em></span> <span class='ocrx_word' id='word_1_165' title='bbox 1737 2237 1831 2290; x_wconf 79' lang='lat' dir='ltr'><em>divi</em></span> 
     </span>
     <span class='ocr_line' id='line_1_24' title="bbox 397 2310 1831 2380; baseline -0.002 -17"><span class='ocrx_word' id='word_1_166' title='bbox 397 2310 625 2380; x_wconf 77' lang='lat' dir='ltr'><em>&#39;Augusti</em></span> <span class='ocrx_word' id='word_1_167' title='bbox 647 2350 660 2374; x_wconf 89' lang='lat'><strong>‚</strong></span> <span class='ocrx_word' id='word_1_168' title='bbox 698 2314 762 2363; x_wconf 84' lang='lat' dir='ltr'><em>ad</em></span> <span class='ocrx_word' id='word_1_169' title='bbox 790 2311 1021 2364; x_wconf 82' lang='lat' dir='ltr'><em>Anniam</em></span> <span class='ocrx_word' id='word_1_170' title='bbox 1052 2310 1326 2380; x_wconf 84' lang='lat' dir='ltr'><em>pertinens</em></span> <span class='ocrx_word' id='word_1_171' title='bbox 1349 2330 1362 2364; x_wconf 76' lang='lat' dir='ltr'><strong><em>z</em></strong></span> <span class='ocrx_word' id='word_1_172' title='bbox 1398 2311 1632 2363; x_wconf 81' lang='lat' dir='ltr'><em>recitatae</em></span> <span class='ocrx_word' id='word_1_173' title='bbox 1658 2313 1709 2364; x_wconf 91' lang='lat'>&amp;</span> <span class='ocrx_word' id='word_1_174' title='bbox 1736 2310 1831 2379; x_wconf 86' lang='lat' dir='ltr'><em>epi-</em></span> 
     </span>
     <span class='ocr_line' id='line_1_25' title="bbox 398 2383 1831 2453; baseline 0 -18"><span class='ocrx_word' id='word_1_175' title='bbox 398 2383 554 2436; x_wconf 79' lang='lat' dir='ltr'>stolae</span> <span class='ocrx_word' id='word_1_176' title='bbox 616 2385 732 2436; x_wconf 86' lang='lat' dir='ltr'><em>divi</em></span> <span class='ocrx_word' id='word_1_177' title='bbox 784 2385 1099 2453; x_wconf 84' lang='lat' dir='ltr'><em>Vespasiani</em></span> <span class='ocrx_word' id='word_1_178' title='bbox 1149 2387 1213 2437; x_wconf 85' lang='lat' dir='ltr'><em>ad</em></span> <span class='ocrx_word' id='word_1_179' title='bbox 1264 2385 1703 2439; x_wconf 66' lang='lat' dir='ltr'><em>Lacedaemonios</em></span> <span class='ocrx_word' id='word_1_180' title='bbox 1733 2424 1748 2447; x_wconf 82' lang='lat'><strong>‚</strong></span> <span class='ocrx_word' id='word_1_181' title='bbox 1790 2385 1831 2435; x_wconf 73' lang='grc' dir='ltr'><em>ὅτ</em></span> 
     </span>
     <span class='ocr_line' id='line_1_26' title="bbox 405 2457 1832 2522; baseline 0 -13"><span class='ocrx_word' id='word_1_182' title='bbox 405 2458 525 2510; x_wconf 58' lang='lat' dir='ltr'><em>&gt;divi</em></span> <span class='ocrx_word' id='word_1_183' title='bbox 555 2457 667 2510; x_wconf 85' lang='lat' dir='ltr'><em>Titi</em></span> <span class='ocrx_word' id='word_1_184' title='bbox 698 2462 761 2511; x_wconf 84' lang='lat' dir='ltr'><em>ad</em></span> <span class='ocrx_word' id='word_1_185' title='bbox 798 2461 1011 2512; x_wconf 89' lang='lat' dir='ltr'><em>eosdem</em></span> <span class='ocrx_word' id='word_1_186' title='bbox 1034 2498 1048 2522; x_wconf 86' lang='lat'>,</span> <span class='ocrx_word' id='word_1_187' title='bbox 1090 2457 1214 2510; x_wconf 87' lang='lat' dir='ltr'><em>dein</em></span> <span class='ocrx_word' id='word_1_188' title='bbox 1242 2461 1306 2510; x_wconf 88' lang='lat' dir='ltr'><em>ad</em></span> <span class='ocrx_word' id='word_1_189' title='bbox 1341 2460 1570 2511; x_wconf 82' lang='lat' dir='ltr'>Achaeos</span> <span class='ocrx_word' id='word_1_190' title='bbox 1595 2477 1613 2518; x_wconf 91' lang='lat'><em>·‚</em></span> <span class='ocrx_word' id='word_1_191' title='bbox 1661 2460 1712 2510; x_wconf 72' lang='grc' dir='ltr'><em>δι</em></span> <span class='ocrx_word' id='word_1_192' title='bbox 1731 2459 1832 2509; x_wconf 91' lang='lat' dir='ltr'><em>Do·</em></span> 
     </span>
     <span class='ocr_line' id='line_1_27' title="bbox 411 2531 1831 2601; baseline -0.001 -18"><span class='ocrx_word' id='word_1_193' title='bbox 411 2531 624 2583; x_wconf 86' lang='lat' dir='ltr'><em>mitiani</em></span> <span class='ocrx_word' id='word_1_194' title='bbox 671 2535 734 2583; x_wconf 85' lang='lat' dir='ltr'><em>ad</em></span> <span class='ocrx_word' id='word_1_195' title='bbox 780 2533 1035 2584; x_wconf 84' lang='lat' dir='ltr'><em>Avidium</em></span> <span class='ocrx_word' id='word_1_196' title='bbox 1082 2531 1365 2601; x_wconf 81' lang='lat' dir='ltr'><em>Nigrinum</em></span> <span class='ocrx_word' id='word_1_197' title='bbox 1425 2533 1479 2583; x_wconf 84' lang='lat'>&amp;</span> <span class='ocrx_word' id='word_1_198' title='bbox 1538 2532 1831 2584; x_wconf 86' lang='lat' dir='ltr'><em>Armenium</em></span> 
     </span>
     <span class='ocr_line' id='line_1_28' title="bbox 407 2604 1829 2673; baseline -0.001 -17"><span class='ocrx_word' id='word_1_199' title='bbox 407 2605 707 2657; x_wconf 85' lang='lat' dir='ltr'><em>Brocchum</em></span> <span class='ocrx_word' id='word_1_200' title='bbox 739 2606 1084 2673; x_wconf 86' lang='lat' dir='ltr'><em>proconsules</em></span> <span class='ocrx_word' id='word_1_201' title='bbox 1106 2645 1121 2668; x_wconf 87' lang='lat'>‚</span> <span class='ocrx_word' id='word_1_202' title='bbox 1147 2606 1275 2657; x_wconf 84' lang='lat' dir='ltr'><em>item</em></span> <span class='ocrx_word' id='word_1_203' title='bbox 1300 2607 1362 2657; x_wconf 85' lang='lat' dir='ltr'><em>ad</em></span> <span class='ocrx_word' id='word_1_204' title='bbox 1381 2604 1829 2657; x_wconf 69' lang='lat' dir='ltr'><em>Lacedaemonios:</em></span> 
     </span>
     <span class='ocr_line' id='line_1_29' title="bbox 366 2678 1830 2747; baseline -0.001 -18"><span class='ocrx_word' id='word_1_205' title='bbox 366 2680 373 2692; x_wconf 93' lang='lat'>&#39;</span> <span class='ocrx_word' id='word_1_206' title='bbox 406 2687 528 2747; x_wconf 79' lang='lat' dir='ltr'><em>quae</em></span> <span class='ocrx_word' id='word_1_207' title='bbox 562 2679 685 2731; x_wconf 88' lang='lat' dir='ltr'><em>ideo</em></span> <span class='ocrx_word' id='word_1_208' title='bbox 709 2678 806 2730; x_wconf 85' lang='lat' dir='ltr'><em>tibi</em></span> <span class='ocrx_word' id='word_1_209' title='bbox 847 2695 960 2731; x_wconf 89' lang='lat' dir='ltr'><em>non</em></span> <span class='ocrx_word' id='word_1_210' title='bbox 996 2678 1159 2742; x_wconf 85' lang='lat' dir='ltr'><em>misi,</em></span> <span class='ocrx_word' id='word_1_211' title='bbox 1194 2680 1319 2746; x_wconf 86' lang='lat' dir='ltr'><em>quia</em></span> <span class='ocrx_word' id='word_1_212' title='bbox 1351 2679 1403 2730; x_wconf 76' lang='grc' dir='ltr'><em>δι</em></span> <span class='ocrx_word' id='word_1_213' title='bbox 1441 2695 1632 2746; x_wconf 81' lang='lat' dir='ltr'><em>parum</em></span> <span class='ocrx_word' id='word_1_214' title='bbox 1671 2693 1830 2730; x_wconf 87' lang='lat' dir='ltr'><em>emen·</em></span> 
     </span>
     <span class='ocr_line' id='line_1_30' title="bbox 405 2749 1831 2821; baseline -0.003 -17"><span class='ocrx_word' id='word_1_215' title='bbox 405 2754 526 2804; x_wconf 83' lang='lat' dir='ltr'><em>data</em></span> <span class='ocrx_word' id='word_1_216' title='bbox 549 2791 564 2816; x_wconf 85' lang='lat'>‚</span> <span class='ocrx_word' id='word_1_217' title='bbox 595 2754 648 2803; x_wconf 89' lang='lat'>&amp;</span> <span class='ocrx_word' id='word_1_218' title='bbox 673 2754 908 2821; x_wconf 84' lang='lat' dir='ltr'><em>quaedam</em></span> <span class='ocrx_word' id='word_1_219' title='bbox 941 2769 1055 2804; x_wconf 87' lang='lat' dir='ltr'><em>non</em></span> <span class='ocrx_word' id='word_1_220' title='bbox 1085 2767 1240 2805; x_wconf 81' lang='lat' dir='ltr'><em>cettae</em></span> <span class='ocrx_word' id='word_1_221' title='bbox 1265 2750 1389 2803; x_wconf 82' lang='lat' dir='ltr'><em>fidei</em></span> <span class='ocrx_word' id='word_1_222' title='bbox 1410 2751 1727 2803; x_wconf 82' lang='lat' dir='ltr'><em>videbantur</em></span> <span class='ocrx_word' id='word_1_223' title='bbox 1745 2789 1759 2813; x_wconf 90' lang='lat'>,</span> <span class='ocrx_word' id='word_1_224' title='bbox 1788 2749 1831 2799; x_wconf 83' lang='lat'>&amp;</span> 
     </span>
    </p>
   </div>
   <div class='ocr_carea' id='block_1_6' title="bbox 408 2822 1829 2955">
    <p class='ocr_par' dir='ltr' id='par_1_6' title="bbox 408 2822 1829 2955">
     <span class='ocr_line' id='line_1_31' title="bbox 408 2822 1829 2893; baseline -0.001 -18"><span class='ocrx_word' id='word_1_225' title='bbox 408 2825 533 2893; x_wconf 88' lang='lat' dir='ltr'><em>quia</em></span> <span class='ocrx_word' id='word_1_226' title='bbox 568 2842 695 2879; x_wconf 85' lang='lat' dir='ltr'><em>vera</em></span> <span class='ocrx_word' id='word_1_227' title='bbox 728 2827 782 2879; x_wconf 87' lang='lat'>&amp;</span> <span class='ocrx_word' id='word_1_228' title='bbox 815 2823 1091 2879; x_wconf 86' lang='lat' dir='ltr'><em>emendata</em></span> <span class='ocrx_word' id='word_1_229' title='bbox 1121 2826 1180 2879; x_wconf 85' lang='lat' dir='ltr'><em>in</em></span> <span class='ocrx_word' id='word_1_230' title='bbox 1218 2824 1424 2879; x_wconf 78' lang='lat' dir='ltr'><em>scriniis</em></span> <span class='ocrx_word' id='word_1_231' title='bbox 1457 2824 1568 2879; x_wconf 81' lang='lat' dir='ltr'><em>tuis</em></span> <span class='ocrx_word' id='word_1_232' title='bbox 1599 2822 1699 2879; x_wconf 80' lang='lat' dir='ltr'><em>effe</em></span> <span class='ocrx_word' id='word_1_233' title='bbox 1734 2837 1829 2875; x_wconf 86' lang='lat' dir='ltr'><em>cre-</em></span> 
     </span>
     <span class='ocr_line' id='line_1_32' title="bbox 409 2900 620 2955; baseline 0.014 -4"><span class='ocrx_word' id='word_1_234' title='bbox 409 2900 620 2955; x_wconf 70' lang='lat' dir='ltr'><em>debant.</em></span> 
     </span>
    </p>
   </div>
  </div>
 </body>
</html>
