1951 3720
375 316 968 388 EPISTOLAE.
1001 317 1151 390 Lib.
1183 312 1277 388 X.
1421 338 1562 416 337

113 433 274 506 &ww
316 436 499 497 euram
546 454 724 511 egerat
766 480 779 504 ,
832 442 1016 494 vellet.
1080 438 1221 493 Tum
1269 441 1564 511 Eumolpus

113 508 361 569 assistens
398 512 586 567 Flavio
621 515 895 598 Archippo
932 512 1071 567 dixit
1104 515 1419 584 exigendam
1460 515 1564 569 effe
1630 523 1634 527 “

113 584 348 640 aDione
368 588 632 644 rationem
657 589 872 655 operis»,
906 604 1183 657 antequam
1218 588 1420 655 reipub.
1455 604 1562 642 tra-

112 660 323 713 deretur
347 699 362 724 ,
398 663 542 729 quod
562 662 717 713 aliter
739 659 937 713 feciffet
966 678 1027 714 ac
1052 660 1320 713 debuiss'et.
1354 662 1575 728 Adiecit·

112 733 274 787 etiam
313 733 422 786 effe
469 734 527 785 in
574 736 766 786 eodem
806 751 969 801 opere
1004 735 1234 803 positam
1273 748 1418 787 tuam
1460 735 1562 788 sta-

112 820 291 870 tuam,
342 808 395 860 &
423 824 651 875 corpora
687 808 1054 875 sepultorum,
1095 810 1284 861 uxoris
1323 808 1561 874 Dionis·,

113 879 162 937 ἃ
194 879 343 944 filii3
378 880 772 949 postulavitque
812 895 871 932 ut
907 883 1283 964 cognoscerem
1324 898 1425 949 pro
1462 883 1562 936 tri-

109 953 303 1011 bunali.
353 955 518 1021 Quod
540 970 705 1024 quum
737 970 839 1024 ego
863 970 950 1008 me
988 955 1234 1022 protinus
1268 954 1563 1021 faaurum,

91 1027 504 1107 dilaturumque
552 1027 943 1097 profectionem
985 1027 1230 1081 dixifl'em
1268 1047 1284 1088 3
1337 1044 1397 1081 ut
1432 1031 1561 1082 lon-

49 1108 52 1129 ’·
196 1118 328 1175 tem
369 1100 513 1157 diem
562 1103 629 1155 ad
685 1099 1039 1154 instruendam
1086 1104 1292 1154 caulam
1329 1104 1505 1155 darem
1539 1140 1559 1168 ,

229 1191 259 1229 e
297 1175 360 1228 ἰιι
407 1170 566 1228 aliam
607 1173 885 1231 civitatem
924 1176 1340 1244 cognoscerem,
1375 1176 1555 1243 petiit.
1612 1186 1615 1189 ’

107 1244 211 1317 Ego
262 1265 356 1301 me
383 1250 699 1305 auditurum
733 1247 912 1301 Niceae
947 1249 1232 1317 respondi.
1269 1248 1359 1299 ubi
1390 1266 1557 1318 quum

108 1321 343 1375 sediffem
362 1322 673 1392 cogniturus
700 1361 716 1386 ,
754 1321 896 1375 idem
922 1324 1217 1391 Eumolpus
1236 1359 1253 1387 ‚
1284 1336 1555 1392 tamquam

107 1397 265 1449 adhuc
304 1414 493 1465 parum
534 1396 846 1460 instructus,
872 1396 1184 1451 dilationem
1220 1412 1402 1465 perere
1436 1414 1554 1449 coe·

105 1470 215 1536 pit:
253 1470 448 1524 conti-zi
480 1472 667 1533 Dion,
706 1484 767 1522 ut
801 1470 1068 1522 audiretur
1109 1471 1344 1540 exigere.
1388 1471 1551 1526 Diela

104 1542 218 1595 sunt
236 1543 511 1613 utrimque
530 1542 694 1596 musta
715 1583 730 1608 ,
755 1544 915 1597 etiam
940 1546 1003 1595 de
1035 1544 1204 1596 causa.
1238 1545 1349 1612 Ego
1382 1563 1549 1613 quum

103 1616 325 1670 dandam
365 1619 712 1680 dilationem,
766 1619 819 1670 &
854 1616 1236 1668 consulendum
1281 1617 1551 1671 existima-

103 1705 210 1743 tem
230 1693 291 1744 in
322 1709 377 1743 re
408 1694 474 1745 ad
501 1695 810 1760 exemplum
839 1690 1170 1758 pertinente,
1203 1689 1316 1741 dixi
1338 1694 1551 1759 utrique

49 1792 52 1831 .'
104 1766 270 1831 parti,
312 1782 370 1817 ut
404 1764 819 1834 postulationum
855 1764 1066 1816 suarum
1103 1764 1312 1815 libellos
1345 1763 1551 1821 darent.

49 1842 54 1882 ⁵-
104 1835 365 1910 Volebam
410 1839 555 1893 enim
600 1854 654 1892 te
699 1840 938 1909 ipsorum
981 1835 1325 1907 potissimum
1366 1836 1549 1892 verbis

51 1911 66 1980 ss.
103 1926 159 1965 ea
205 1932 328 1983 quae
362 1931 512 1968 erant
557 1913 842 1982 proposita
884 1913 1223 1982 cognoscere.
1282 1912 1345 1963 Et
1391 1910 1547 1964 Dion

103 1987 314 2055 quidem
335 1988 391 2040 se
414 1990 656 2040 daturum
681 1987 850 2040 dixit:
879 1988 930 2039 &
955 1987 1245 2054 Eumolpus
1269 1985 1545 2052 respondit

51 2065 54 2134 ξ
101 2065 502 2130 complexurum
527 2062 580 2114 se
601 2061 785 2114 libello
806 2099 821 2123 ,
841 2078 958 2128 quae
983 2060 1285 2129 reipublicae
1316 2072 1543 2127 peteret.

103 2134 345 2188 Ceterum
371 2175 386 2198 ,
427 2138 573 2205 quod
607 2136 670 2186 ad
708 2135 942 2203 sepultos
970 2134 1233 2202 pertinet,
1256 2149 1368 2186 non
1386 2148 1543 2186 accu-

100 2206 323 2262 satorem
371 2210 462 2272 se,
516 2210 604 2261 sed
643 2210 960 2260 advocatum
1009 2207 1180 2259 Flavii
1224 2207 1483 2274 Archippi
1525 2247 1541 2271 ,

99 2281 237 2348 eujus
278 2284 522 2335 mandata
573 2281 880 2348 pertulisset.
925 2281 1260 2349 Archippus,
1297 2281 1384 2332 cui
1431 2282 1539 2333 Eu-

98 2360 346 2426 molpuS,
373 2356 511 2409 sicut
546 2355 717 2410 Prus·
746 2395 761 2420 ,
798 2354 1101 2418 assistebat,
1126 2353 1262 2406 dixit
1298 2354 1351 2406 se
1381 2350 1536 2408 libel-

96 2428 197 2483 lum
238 2434 508 2484 daturum.
554 2431 630 2481 Ita
669 2446 766 2482 nec
808 2430 1136 2495 EumolpuS,
1176 2444 1272 2480 nec
1306 2427 1536 2496 Archip-

95 2516 223 2568 pus,
266 2521 428 2575 quam
470 2502 713 2573 plurimis
752 2501 932 2554 diebus
979 2497 1265 2569 exspectati
1300 2540 1313 2564 ,
1367 2503 1533 2554 adhuc

94 2577 217 2631 mihi
249 2579 466 2632 libellos
509 2579 797 2629 dederunt.
835 2576 987 2627 Dion
1020 2575 1196 2635 dedit,
1223 2589 1381 2642 quem
1408 2573 1532 2629 huic

92 2651 322 2718 epistolae
361 2651 535 2716 junxi.
574 2650 690 2719 Ipse
724 2650 780 2701 in
815 2666 870 2701 re
906 2667 1009 2718 pr
987 2649 1150 2701 senti
1185 2648 1294 2710 fui,
1329 2648 1380 2700 &
1415 2647 1528 2700 vidi

91 2736 227 2778 tuam
273 2741 494 2796 quoque
529 2723 743 2775 statuam
794 2724 850 2775 in
889 2724 1208 2776 bibliotheca
1256 2722 1528 2790 positam:

90 2795 140 2850 id
174 2814 391 2862 autem,
433 2799 492 2852 in
521 2815 628 2868 quo
661 2798 903 2851 dicuntur
934 2795 1126 2866 sepulti
1149 2794 1290 2848 filius
1318 2797 1368 2846 δι
1387 2811 1531 2848 uxor

89 2871 320 2938 Dionis,
348 2874 406 2925 in
444 2889 562 2925 area
596 2874 949 2934 collocatum,
983 2889 1097 2941 quae
1118 2868 1412 2955 porticibus
1443 2868 1529 2919 in-

88 2947 328 3011 cluditur.
363 2948 477 3011 Te,
513 2946 751 2998 Domine
775 2986 790 3011 ,
829 2962 966 3016 rogo
985 2960 1045 2999 ut
1073 2959 1159 2998 me·
1181 2960 1239 3070 111³
1274 2942 1379 2995 hoc
1398 2959 1527 3012 prae-
