1951 3720
403 328 538 415 164
741 326 1003 393 CA11
1075 322 1498 392 PLINII

388 447 564 499 oculis
600 445 734 499 meis
777 447 1049 499 crederem
1068 484 1084 510 ,
1109 444 1238 514 quid
1272 444 1482 497 viribus
1512 482 1528 507 ‚
1553 441 1698 512 quid
1737 458 1845 495 cor-

387 519 611 587 pusculo
664 519 963 588 acquireres
1001 538 1018 578 ·,
1078 518 1271 586 ecquid
1331 517 1559 585 denique
1626 514 1841 569 seceffiis

386 594 696 660 voluptates
744 592 1084 662 regionisque
1142 590 1514 643 abundantiam
1578 588 1845 641 inoffensa

390 665 792 718 transmitteres.
856 665 1114 733 Equidem
1168 665 1331 716 etiam
1380 665 1578 716 fortem
1627 677 1686 713 te
1744 678 1848 713 non

383 737 510 802 „sine
546 755 669 789 cura
704 739 1074 791 desiderarem.
1135 735 1219 788 Est
1255 736 1401 788 enim
1439 735 1762 802 suspensum
1802 735 1849 785 δι

379 811 612 876 ‚anxium
636 812 699 863 de
728 828 794 863 eo
811 850 825 875 ‚
853 828 1013 879 quem
1035 807 1406 868 ardentissime
1429 808 1622 877 diligas
1651 847 1667 870 ‚
1692 808 1848 858 inter-

392 885 519 934 dum
549 884 682 934 nihil
721 884 868 944 scire.
903 885 1058 935 Nunc
1087 881 1223 936 vero
1252 900 1339 934 me
1362 898 1528 949 quum
1557 880 1813 932 absentiae
1832 919 1846 943 ,

398 970 513 1007 tum
545 955 871 1016 infirmitatis
907 970 1010 1007 tuae
1037 956 1177 1008 ratio
1209 955 1412 1007 incerta
1454 956 1505 1005 δι
1542 951 1713 1005 νειτὶεῖ
1750 954 1848 1004 sol-

379 1027 669 1090 lieitudine
717 1043 968 1082 exterret.
1035 1030 1246 1080 Vereor
1289 1027 1471 1080 omnia
1505 1059 1531 1089 ‚·
1579 1025 1848 1095 imaginor

395 1102 578 1152 omnia
599 1119 615 1160 ·‚
641 1118 871 1170 ⁴quaeque
892 1114 1078 1158 natura
1107 1102 1460 1154 metuentium
1497 1098 1573 1151 est
1595 1138 1613 1163 ‚
1656 1116 1723 1151 ea
1743 1115 1847 1150 ma-

395 1173 544 1226 xime
570 1173 733 1237 mihi,
760 1192 877 1242 quae
902 1173 1139 1226 maxime
1171 1174 1452 1225 abominor
1472 1211 1486 1235 ,
1513 1171 1693 1242 fingo.
1729 1170 1845 1237 Quo

399 1245 698 1314 impensius
718 1264 853 1319 rogo
869 1287 884 1311 ‚
905 1261 965 1299 ut
984 1246 1170 1299 timori
1184 1263 1308 1300 meo
1329 1245 1570 1314 quotidie
1587 1245 1819 1315 singulis
1832 1283 1846 1308 ,

396 1322 490 1372 vel
537 1319 699 1372 etiam
739 1320 879 1373 binis
936 1319 1176 1387 epistolis
1224 1320 1487 1372 consulas.
1548 1320 1658 1370 Ero
1716 1318 1847 1370 enim

402 1392 673 1454 securior,
710 1394 834 1444 dum
872 1395 1084 1462 legam3
1112 1392 1389 1462 statimque
1425 1392 1664 1457 timebo,
1695 1407 1848 1462 quum

402 1465 606 1534 legero.
644 1466 803 1518 Vale.
1046 1461 1053 1468 “

643 1588 715 1640 V.
756 1586 1085 1639 Pt1n1us
1125 1588 1334 1639 Unso
1378 1600 1524 1639 suo
1566 1588 1624 1640 S.

389 1668 613 1747 {Moleste
656 1682 757 1751 fert
804 1687 917 1734 duos
960 1682 1208 1750 senatores
1248 1686 1445 1736 invicem
1479 1685 1775 1735 alter-'cantes
1809 1683 1849 1734 in

393 1803 400 1808 .
482 1760 614 1808 curia
656 1764 782 1809 circa
817 1754 1274 1824 senatusconsultum
1297 1792 1312 1817 ,
1352 1760 1408 1808 de
1444 1776 1533 1827 quo
1575 1771 1640 1824 ς,
1673 1773 1765 1810 20.
1801 1774 1851 1807 nt

485 1832 783 1883 contumeliis
806 1832 987 1900 quidem
1023 1829 1306 1899 abstinuisse.

397 1943 846 2036 Scmrsnnm
870 1973 1094 2031 tenuiss‘e
1119 1977 1393 2031 Varenum·
1412 1991 1472 2030 ut
1501 1976 1607 2031 sibi
1632 1995 1850 2032 evocare

409 2056 568 2108 testes
593 2053 811 2106 liceret:
842 2055 989 2121 quod
1017 2051 1254 2118 pluribus
1276 2069 1488 2121 aequum
1506 2090 1522 2116 ‚
1548 2051 1847 2120 quibusdam

411 2127 658 2198 iniquum
680 2165 694 2188 ,
740 2127 792 2177 ὅ(
829 2125 1051 2193 quidem,
1077 2125 1416 2192 pertinaciter
1437 2164 1452 2188 ‚
1487 2125 1707 2186 visum3
1750 2142 1849 2177 ma-

412 2199 563 2252 xime
582 2199 791 2250 Licinio
810 2199 1042 2266 Nepoti,
1075 2198 1168 2267 qui
1188 2199 1430 2268 sequenti
1456 2199 1639 2250 senatu
1658 2238 1673 2262 ,
1699 2215 1848 2266 quum

414 2275 478 2325 de
513 2274 665 2325 rebus
709 2272 825 2323 aliis
856 2273 1137 2324 referretur
1169 2311 1184 2334 ‚
1230 2274 1293 2324 de
1331 2271 1587 2341 proximo
1627 2271 1850 2324 senatus·

414 2346 662 2398 consulto
699 2343 932 2397 differuit
957 2385 972 2409 ‚
1018 2344 1329 2414 finitamque
1367 2347 1573 2398 causam
1616 2345 1849 2398 retraeta-

417 2419 520 2471 vit.
569 2417 784 2469 Addidit
819 2418 983 2470 etiam
1021 2421 1305 2486 petendum
1328 2437 1375 2473 ιι
1409 2418 1720 2471 consulibus
1743 2458 1758 2481 ‚
1794 2432 1844 2470 ut

418 2493 617 2546 ferrent
631 2530 645 2554 ,
669 2492 759 2542 sub
780 2493 1033 2558 exemplo
1053 2490 1187 2560 legis
1210 2492 1434 2545 ambitus
1452 2531 1468 2556 ‚
1490 2494 1553 2545 de
1576 2494 1698 2561 lege
1723 2507 1848 2559 repe-

422 2567 701 2616 tundarum
717 2604 731 2625 ,
753 2581 821 2616 an
850 2566 1082 2632 placeret
1106 2564 1166 2616 in
1193 2566 1428 2617 futurum
1464 2567 1530 2617 ad
1550 2582 1669 2617 eam
1694 2567 1847 2634 legem

417 2637 578 2701 adiici
598 2677 613 2700 ‚
651 2652 710 2688 ut
732 2677 747 2699 ‚
790 2637 929 2690 sicut
963 2638 1347 2690 accusatoribus
1383 2638 1690 2706 inquirendi
1715 2677 1730 2700 ‚
1761 2637 1846 2690 tes-

426 2711 670 2778 tibusque
705 2710 1048 2762 denuntiandi
1080 2711 1306 2778 potestas
1337 2727 1408 2763 ex
1442 2728 1505 2764 ea
1541 2713 1661 2780 lege
1702 2710 1814 2762 esset
1832 2749 1846 2773 ,

424 2783 505 2836 ita
535 2784 638 2835 reis
679 2799 892 2852 quoque
928 2783 1100 2837 fieret.
1142 2785 1373 2838 Fuerunt
1407 2784 1596 2853 quibus
1620 2785 1734 2836 haec
1754 2783 1846 2849 ejus

425 2856 602 2909 oratio
624 2895 640 2919 ,
675 2872 735 2907 ut
782 2857 893 2908 sera
922 2858 974 2909 &
1014 2857 1385 2924 intempestiva
1418 2859 1472 2910 δι
1508 2855 1843 2926 praepostera,

413 2929 761 3001 ,displicerem
795 2947 912 3001 quae
950 2928 1147 3002 omissb
1184 2930 1582 2992 contradicendi
1606 2944 1845 3000 tempore
