1951 3720
357 246 440 369 5'8
720 269 970 337 CAH
1034 269 1441 336 PLJNJI

348 384 573 439 culmini
602 382 716 449 ejus
748 386 958 440 insistit.
995 388 1077 438 Ad
1105 388 1210 439 hoc
1229 385 1531 455 patentibus
1554 383 1799 441 fenestris

348 458 624 513 Favonios
673 460 864 528 accipit
905 461 1318 529 transmittitque
1353 478 1369 518 ·,
1403 476 1499 512 nec
1540 476 1797 527 umquam

349 533 470 585 acre
490 534 646 602 pigro
674 535 724 586 δι
748 549 996 587 manente
1017 535 1353 604 ingravescit.
1375 534 1437 584 In
1456 533 1628 599 capite
1652 532 1801 602 xysti

348 606 596 675 deinceps
628 608 1061 677 cryptoporticus
1089 608 1237 660 horti
1261 607 1412 659 diaeta
1441 606 1512 658 est
1533 645 1552 669 ‚
1584 622 1799 660 amores

348 681 459 735 mei
481 720 495 743 ‚
528 698 584 732 re
613 683 741 732 vera
779 698 1027 741 amores;
1071 682 1181 749 ipse
1214 681 1388 748 posui.
1421 680 1484 731 In
1512 681 1609 732 hac
1626 680 1799 733 helio·

349 754 588 808 caminus
618 753 831 822 quidem
855 794 869 815 ‚
895 755 995 806 alia
1021 753 1233 824 xystum
1254 795 1269 816 ,
1307 753 1407 806 alia
1441 770 1584 804 mare
1605 791 1621 815 ‚
1658 752 1802 806 utra·

350 845 455 896 que
479 828 646 879 solem
660 866 675 888 ,
709 828 1007 880 cubiculum
1027 844 1216 880 autem·
1235 828 1412 880 valvis
1431 864 1447 888 ‚
1468 840 1800 895 cryptopor-

350 901 517 953 ticum
536 900 754 953 fenestra
767 901 1043 970 prospicit.
1076 902 1199 968 Qua
1219 918 1362 952 mare
1383 940 1398 963 ‚
1424 915 1608 952 contra
1628 900 1801 967 parie-

348 988 459 1026 tem
490 975 722 1027 medium
759 975 982 1028 zotheca
1000 991 1254 1043 perquam
1273 977 1540 1043 eleganter
1558 973 1762 1026 recedit
1779 1011 1800 1039 ,

352 1064 469 1116 quae
518 1048 870 1116 specularibus
908 1050 961 1100 &
1001 1049 1139 1101 velis
1182 1048 1423 1100 obductis
1459 1045 1799 1115 reductisque

350 1118 515 1173 modo
547 1121 787 1183 adiicitur
809 1122 1053 1174 cubiculo
1068 1161 1084 1185 ‚
1105 1122 1267 1174 modo
1292 1123 1541 1174 aufertur.
1574 1119 1798 1173 Lecmm

355 1196 410 1246 &
434 1197 560 1247 duas
584 1198 852 1248 cathedras
878 1195 1054 1263 capit:
1092 1213 1121 1247 a
1143 1195 1365 1264 pedibus
1384 1211 1528 1246 mare
1547 1233 1565 1256 ‚
1588 1209 1620 1245 a
1641 1208 1799 1263 tergo

352 1268 498 1323 villae
521 1308 536 1331 ‚
575 1286 604 1320 a
637 1272 807 1337 capite
851 1271 1041 1322 silvae:
1075 1284 1159 1321 tot
1192 1269 1352 1322 facies
1393 1272 1640 1322 locorum
1673 1268 1802 1320 toti·

355 1344 477 1394 dem
507 1342 742 1395 fenestris
777 1344 830 1395 &
851 1342 1120 1412 distinguit
1153 1344 1205 1394 &
1223 1343 1426 1396 miscet.
1450 1341 1702 1396 JunQum
1726 1341 1800 1394 est

356 1415 658 1468 cubiculum
701 1416 876 1468 noctis
921 1417 974 1469 &
1022 1416 1217 1468 somni.
1285 1418 1413 1468 Non
1461 1415 1595 1467 illud
1628 1432 1799 1470 voces

355 1488 691 1541 servulorum
713 1529 727 1553 ,
768 1506 880 1542 non
911 1489 1070 1541 maris
1091 1507 1357 1552 murmur,
1391 1506 1504 1541 non
1525 1488 1803 1557 tempesta·

356 1576 472 1614 tum
502 1579 680 1615 motus
705 1602 719 1625 ‚
754 1580 869 1615 non
903 1563 1170 1632 fulgurum
1210 1566 1392 1615 lumen
1413 1602 1430 1625 ,
1460 1579 1519 1614 ac
1554 1579 1623 1613 ne
1651 1562 1800 1616 diem

355 1635 569 1704 quidem
607 1636 768 1688 sentit
793 1676 808 1700 ‚
845 1636 952 1688 nisi
995 1636 1232 1689 fenestris
1260 1637 1475 1705 apertis.
1526 1636 1663 1687 Tam
1703 1635 1801 1690 alti

354 1709 623 1778 abditique
662 1709 848 1763 secreti
871 1711 962 1762 illa
997 1710 1135 1762 ratio
1155 1750 1169 1773 ‚
1191 1713 1335 1778 quod
1356 1707 1670 1774 interjacens
1702 1727 1802 1761 an-

356 1784 496 1835 dron
518 1783 773 1851 parietem
795 1783 1021 1836 cubiculi
1043 1784 1292 1852 hortique
1316 1782 1616 1852 distinguit3
1638 1797 1805 1851 atque

351 1854 427 1909 ita
477 1875 694 1911 omnem
740 1858 931 1911 sonum
984 1857 1157 1911 media
1199 1858 1455 1911 inanitate
1508 1856 1802 1913 consumit.

355 1933 687 1999 Applicitum
734 1932 806 1984 est
860 1934 1104 1986 cubiculo
1157 1932 1541 2002 hypocaustum
1581 1932 1802 1999 perexi-

356 2022 520 2073 guum
541 2044 557 2068 ‚
595 2007 738 2073 quod
771 2005 985 2075 angusta
1025 2005 1244 2059 fenestra
1277 2006 1612 2074 suppositum
1648 2008 1802 2059 calo·

354 2097 470 2132 rem
489 2118 505 2142 ,
543 2095 604 2130 ut
636 2079 775 2132 ratio
805 2080 987 2149 exegit
1013 2118 1029 2142 ‚
1061 2096 1151 2132 aut
1190 2078 1412 2132 effundit
1458 2094 1546 2131 aut
1579 2078 1798 2134 retinet.

352 2152 639 2205 Procoeton
674 2155 795 2205 inde
832 2153 885 2205 ὅτ.
931 2153 1233 2206 cubiculum
1272 2152 1564 2222 porrigitur
1612 2151 1672 2203 in
1707 2153 1801 2206 so-

352 2228 463 2279 lem
496 2245 509 2278 :
547 2244 708 2295 quem
761 2225 1026 2280 orientem
1066 2227 1238 2281 statim
1278 2241 1564 2294 exceptum
1594 2264 1610 2287 ,
1656 2228 1800 2280 ultra

350 2300 630 2354 meridiem
656 2341 670 2364 ,
710 2301 987 2369 obliquum
1028 2302 1244 2370 quidem
1269 2340 1286 2363 ,
1319 2302 1409 2352 sed
1454 2314 1637 2352 tamen
1684 2299 1797 2351 ser-

352 2389 468 2428 vat.
505 2376 567 2425 In
595 2375 729 2426 hanc
757 2391 861 2444 ego
879 2375 1088 2427 diaetam
1109 2392 1270 2443 quum
1295 2391 1380 2426 me
1399 2372 1576 2440 recepi
1597 2412 1612 2433 ,
1650 2373 1801 2425 abes-

340 2448 412 2516 ‘se
447 2447 579 2499 mihi
610 2448 770 2500 etiam
801 2466 832 2500 a
864 2449 997 2501 villa
1032 2466 1149 2501 mea
1181 2449 1372 2518 videor
1392 2487 1407 2511 ‚
1447 2464 1802 2516 magnamque

352 2520 468 2586 ejus
506 2524 841 2590 voluptatem
882 2521 1150 2591 praecipue
1191 2521 1549 2574 Saturnalibus
1596 2520 1755 2588 capio
1780 2559 1799 2585 ,

351 2612 516 2663 quum
552 2596 754 2665 reliqua
787 2614 906 2665 pars
941 2596 1068 2649 testi
1091 2594 1305 2649 licentia
1341 2596 1545 2648 dierum
1569 2634 1588 2656 ,
1626 2593 1798 2647 festis-

351 2685 456 2736 que
497 2670 815 2723 clamoribus
851 2670 1097 2739 personat
1129 2689 1143 2722 t
1184 2686 1306 2721 nam
1357 2686 1455 2722 nec
1498 2666 1611 2735 ipse
1641 2684 1798 2720 meo-

349 2760 470 2793 rum
516 2742 721 2796 lusibus
749 2783 766 2806 ,
809 2761 908 2797 nec
951 2743 1032 2796 illi
1079 2742 1259 2795 studiis
1293 2742 1427 2795 meis
1467 2740 1799 2809 obstrepunt.

350 2815 483 2868 Haec
508 2817 711 2869 utilitas
734 2856 751 2881 ,
789 2818 905 2870 haee
930 2816 1214 2870 amoenitas
1254 2815 1496 2869 deficitur
1535 2814 1670 2884 aqua
1712 2815 1800 2867 sa·

346 2890 501 2943 lienti
523 2929 541 2955 ,
567 2891 656 2944 sed
684 2906 876 2960 puteos
898 2929 915 2956 ,
939 2906 1000 2943 ac
1030 2890 1213 2960 potius
1243 2891 1419 2945 fontes
1449 2889 1627 2946 habet.
1660 2889 1804 2944 Sunt
