1951 3720
343 296 600 365 EPIS
633 308 939 368 roLAE.
975 296 1320 369 Lib.VIl.
1425 319 1566 392 2¹7

152 416 347 484 perveni
373 457 388 480 ‚
434 418 487 469 &
525 415 612 467 hic
646 432 760 469 non
782 416 902 469 stilo
927 417 1094 470 modo
1117 439 1147 481 ,Α
1175 418 1365 470 verum
1408 419 1569 472 etiam

150 489 441 542 leffionibus
474 489 751 540 difficulter
769 529 784 552 ‚
811 491 899 542 sed
928 490 1192 553 abstineo,
1226 492 1455 559 solisque
1477 510 1571 544 au·

152 563 268 615 ribus
289 563 491 614 studeo,
533 562 786 614 Cubicula
810 564 1053 615 obduCtis
1074 564 1211 616 velis
1233 580 1400 632 opaca
1422 602 1437 626 ,
1471 582 1573 617 nec

152 648 299 687 tamen
321 636 544 688 obscura
568 674 584 698 ‚
618 634 777 688 facio.
821 637 1274 705 Cryptoporticus
1314 654 1529 705 quoque
1556 676 1571 700 ‚

151 708 393 776 adopertis
430 708 774 760 inferioribus
810 707 1048 761 fenestris
1069 749 1085 773 ,
1120 724 1330 762 tantum
1375 712 1573 762 umbrae

152 798 380 847 quantum
425 781 649 833 luminis
703 775 876 834 habet.
943 784 1030 835 Sic
1078 784 1338 850 paulatim
1394 785 1570 835 lucem

152 853 260 906 ferre
299 854 570 907 condisc0.
615 854 891 907 Balineum
922 854 1157 919 affumo,
1186 855 1311 925 quia
1334 855 1576 923 prodest:

150 927 314 979 vinum
334 967 348 990 ‚
377 928 504 996 quia
539 943 653 979 non
677 943 872 988 nocet·,
910 927 1224 996 parcissime
1250 945 1445 982 tamen.
1491 931 1580 981 Ita

151 998 327 1056 affuevi
351 1040 366 1063 ‚
405 1002 458 1053 ὅ(
503 1017 645 1052 nunc
683 1000 854 1052 custos
901 1001 1055 1054 adest.
1103 1000 1373 1053 Gallinam
1395 1041 1411 1065 ,
1449 1016 1508 1053 ut
1544 1019 1577 1054 a

151 1085 192 1124 te
211 1072 408 1125 miffam
436 1112 451 1137 ‚
485 1073 709 1126 libenter
741 1073 920 1142 accepi
946 1093 962 1132 ς
1005 1091 1164 1143 quam
1206 1074 1331 1126 satis
1372 1075 1578 1137 acribus

152 1147 301 1198 oculis
323 1185 338 1209 ,
377 1163 696 1215 quamquam
720 1148 884 1199 adhuc
913 1148 1093 1216 lippus
1115 1186 1130 1212 ,
1164 1145 1578 1216 pinguissimam

151 1217 261 1273 vidi.
303 1222 463 1273 Vale.

216 1340 423 1395 XXII.
467 1341 797 1394 Ptnuus
848 1343 1203 1393 FALcoru
1247 1355 1390 1394 suo
1432 1343 1488 1396 S.

189 1464 328 1530 Ejus,
367 1464 444 1514 cui
477 1469 687 1532 petierat
728 1461 1054 1521 tribunatum,
1096 1481 1263 1514 nomen
1298 1463 1524 1525 indicat,

532 1578 717 1628 eumque
758 1559 977 1610 laudibus
1017 1559 1174 1613 tollit.

151 1648 245 1738 M
266 1699 287 1735 1
306 1698 345 1735 Ν
361 1698 404 1736 υ
422 1698 449 1736 s
473 1681 746 1735 miraberis
767 1699 852 1735 me
872 1697 982 1734 tam
1008 1680 1258 1735 instanter
1279 1681 1462 1751 petisse
1479 1723 1493 1747 ,
1515 1699 1577 1736 ut

148 1757 198 1808 in
223 1759 446 1810 amicum
479 1773 657 1809 meum
695 1756 965 1808 conferres
998 1755 1320 1807 tribunatum
1353 1796 1367 1819 ,
1410 1774 1575 1825 quum

151 1831 312 1884 scieris
350 1830 475 1901 quis
512 1830 602 1882 ille
626 1870 639 1893 ,
680 1828 969 1899 qualisque.
994 1827 1206 1882 Poss'um
1250 1844 1427 1882 autem
1467 1828 1575 1895 jam

147 1904 230 1956 tibi
282 1907 333 1956 ὃ(
382 1921 583 1957 nomen
626 1903 893 1966 indicare,
934 1904 988 1955 &
1029 1904 1316 1955 describere
1361 1903 1579 1975 ipsum,

147 1979 408 2046 postquam
442 1977 732 2045 polliceris.
773 1976 855 2027 Est
886 1976 1168 2028 Cornelius
1200 1976 1578 2039 Minucianus.

149 2067 507 2104 ornamentum
554 2049 790 2119 regionis
824 2067 955 2101 meae
978 2089 992 2113 ,
1032 2051 1121 2102 seu
1157 2050 1412 2118 dignitate
1434 2089 1448 2113 ,
1484 2050 1578 2102 seu

148 2124 388 2176 moribus,
421 2125 590 2175 Natus
622 2121 919 2190 splendide,
953 2124 1177 2174 abundat
1199 2122 1530 2175 facultatibus
1558 2141 1580 2182 ·,

149 2212 275 2249 amat
295 2196 461 2249 studia
493 2236 508 2260 ‚
541 2210 600 2246 ut
637 2197 809 2247 solent
846 2213 1122 2264 pauperes.
1161 2197 1308 2248 Idem
1339 2195 1579 2249 rectissi-

148 2286 255 2322 mus
294 2269 455 2335 judex
477 2309 491 2333 ‚
524 2269 849 2321 fortissimus
885 2270 1173 2321 advocatus
1192 2308 1206 2332 ‚
1231 2268 1576 2322 fidelissimus

149 2345 353 2396 amicus.
408 2340 680 2411 Accepiss'e
712 2357 764 2394 te
805 2341 1123 2395 beneficium
1162 2345 1340 2394 credes
1363 2381 1377 2404 ,
1412 2359 1575 2410 quum

146 2417 357 2486 propius
387 2415 686 2484 inspexeris
717 2415 995 2467 hominem
1021 2454 1036 2478 ‚
1070 2416 1315 2467 omnibus
1352 2414 1580 2468 honori-

146 2490 236 2540 bus
256 2529 269 2554 ,
307 2489 557 2542 omnibus
588 2488 799 2556 titulis(
825 2487 960 2540 nihil
998 2490 1131 2540 volo
1158 2486 1346 2541 elatius
1370 2491 1432 2542 de
1457 2504 1579 2541 mo·

149 2561 436 2617 destissimo
468 2562 594 2616 viro
620 2564 789 2616 dicere
815 2561 1056 2630 >parem.
1100 2562 1257 2618 Vale.
