1951 3720
391 352 865 451 TRAIANO
935 370 1350 428 DICTUS.
1455 357 1595 454 365

136 491 307 546 quum
346 476 612 545 spectator
638 479 1050 546 moderatorque
1082 476 1391 530 ineuntium
1425 486 1599 531 certa·

134 549 284 602 mina
321 551 569 604 virorum
594 591 610 614 ‚
651 567 795 603 arma
839 563 1194 620 componeres
1217 590 1233 614 ‚
1271 553 1377 604 tela
1421 564 1597 605 tenta-¹-

135 634 264 682 res·‚
306 639 367 676 ac
414 625 462 677 si
517 626 663 694 quod
718 622 903 678 durius
955 625 1243 694 accipienti·
1280 626 1596 689 videretur,

134 695 249 765 ipse
283 697 544 750 vibrares.
587 697 738 765 Quid
756 713 920 768 quum
943 698 1194 751 solatium
1224 698 1411 762 fessis,
1436 699 1596 769 aegris

131 777 305 838 'opem
344 772 554 824 ferres?
598 774 725 823 Non
766 773 864 824 tibi
908 772 1076 825 moris
1109 786 1199 824 tua
1239 771 1376 825 inire
1408 780 1598 825 tentoss·

133 844 247 908 ria,
278 845 389 897 nisi
421 846 858 898 commilitonum
879 845 1020 898 ›ante
1049 843 1304 898 Lustrafl'es
1330 865 1347 905 3
1385 858 1484 897 nec
1507 862 1598 897 re-

135 917 324 986 quiem
365 918 626 987 cor-poris,
660 917 767 971 nisi
813 919 930 987 post
984 934 1173 972 omnes
1213 958 1229 982 ‚
1280 920 1420 973 dare.
1479 918 1597 971 Hac

131 990 275 1044 mihi
315 992 667 1044 admiratione
716 992 906 1062 dignus
950 993 1248 1061 imperator
1283 1006 1397 1045 non
1435 991 1595 1045 vide-

134 1079 285 1116 retur
304 1105 321 1130 ‚
355 1065 405 1118 si
434 1066 576 1118 inter
605 1066 872 1118 Fabricios
909 1067 961 1118 δι
993 1066 1278 1134 Scipiones
1313 1067 1365 1118 δι
1391 1066 1596 1118 Camila

134 1139 220 1191 los
277 1138 401 1191 talis
456 1138 603 1192 effer.
664 1140 815 1191 Tunc
864 1139 1012 1192 enim
1065 1140 1220 1192 illum
1271 1139 1595 1192 imitationis

135 1213 296 1264 ardor
331 1253 347 1276 ‚
402 1213 714 1281 semperque
765 1212 960 1265 melior
1011 1213 1205 1282 aiiquis
1263 1216 1593 1268 accenderem

136 1284 424 1355 Postquam
459 1285 595 1338 vero
624 1286 850 1338 studium
886 1302 1157 1338 armorum
1194 1303 1223 1337 a
1255 1285 1497 1338 manibus
1529 1289 1596 1340 ad

135 1362 332 1413 oculos
356 1400 372 1423 ‚
411 1362 476 1412 ad
512 1363 848 1427 voluptatem
872 1377 901 1411 a
938 1361 1120 1413 labore
1141 1358 1445 1412 transsatum
1479 1359 1592 1421 est3

137 1432 422 1501 postquam
472 1433 945 1486 exercitationibus
996 1432 1189 1486 nostris
1235 1450 1348 1485 non
1387 1447 1599 1486 vetera-

137 1522 339 1558 norum
376 1507 567 1575 aliquis
600 1547 614 1567 ,
657 1507 743 1559 cui
778 1510 939 1560 decus
959 1546 974 1570 ‚
993 1506 1212 1563 ‘corona
1246 1507 1467 1560 muralis
1503 1521 1596 1561 aut

137 1579 315 1632 ‘civica
343 1620 360 1645 ‚
394 1580 483 1633 sed
534 1581 815 1635 Graeculus
853 1580 1096 1652 magister
1132 1579 1335 1633 adsistit
1367 1620 1384 1645 ‚
1428 1581 1593 1651 quam

138 1667 396 1723 magnum
438 1653 513 1706 est
561 1671 729 1707 unum
767 1672 839 1708 ex
892 1656 1142 1708 omnibus
1188 1653 1363 1723 patrio
1399 1665 1592 1721 more·‚

137 1727 316 1796 patrii
352 1728 556 1781 virtute
586 1728 793 1788 laetari3
835 1729 887 1781 ὃ(
939 1734 1056 1782 sine
1094 1731 1328 1791 emmo,
1367 1744 1430 1781 ac
1472 1728 1609 1784 sine'

136 1804 400 1888 exemplo
440 1803 614 1855 secum
653 1817 851 1855 certare
875 1841 891 1867 ,
912 1803 1090 1855 secum
1131 1801 1490 1863 contendere·,
1533 1818 1593 1856 ac

137 1876 279 1928 sicut
309 1877 543 1945 imperat
587 1878 783 1941 solus,
816 1877 990 1930 solum
1026 1878 1102 1930 ita
1139 1875 1244 1929 effe
1281 1876 1376 1946 qui
1408 1878 1597 1933 debeat

137 1948 445 2017 imperare.
433 1953 455 1990 ³

145 2051 148 2054 ¹
211 2024 379 2077 XIV.
422 2025 551 2077 Non
597 2015 910 2078 incunabula
941 2026 1056 2078 haec
1096 2024 1237 2086 tibi,
1284 2025 1494 2089 Caesar,
1539 2026 1595 2078 &

137 2098 480 2161 rudimenta,
522 2114 688 2167 quum
709 2115 842 2166 puer
871 2100 1154 2162 admodum
1177 2098 1415 2152 Parthica
1438 2102 1592 2152 lauto

133 2172 375 2241 'gloriam
412 2170 576 2240 patris
624 2188 842 2241 augeres
871 2212 887 2235 ,
931 2189 1235 2241 nomenque
1283 2172 1597 2227 Germanici

135 2242 245 2311 iam
264 2261 387 2298 tum
410 2247 708 2298 mererere?
740 2262 904 2329 quum
923 2246 1175 2298 ferociam
1190 2246 1595 2317 superbiamque

135 2317 463 2371 Parthorum
504 2335 575 2371 ex
610 2319 868 2387 proximo
904 2319 1115 2371 auditus
1161 2336 1358 2389 magno
1387 2335 1597 2373 terrore

136 2394 423 2446 cohiberes
455 2430 470 2454 ‚
509 2392 861 2461 Rhenumque
908 2393 961 2444 δι
1002 2392 1318 2460 Euphratem
1369 2394 1596 2446 admira·

135 2465 312 2519 tionis
346 2480 451 2518 tuae
486 2465 739 2518 societate
774 2463 1169 2535 conjungeres?
1211 2484 1375 2535 quum
1407 2470 1595 2519 orbem

135 2552 404 2594 terrarum
427 2556 541 2591 non
562 2540 782 2607 pedibus
806 2539 978 2609 magis
1001 2538 1159 2608 qnam
1183 2541 1420 2594 laudibus
1439 2556 1595 2610 pera-

135 2623 322 2683 grares
343 2652 359 2676 ,
391 2614 532 2682 apud
564 2630 660 2665 eos
697 2613 908 2681 semper
939 2612 1114 2679 major
1156 2614 1209 2665 δι
1243 2616 1436 2667 clarior
1473 2614 1595 2684 qui-

136 2687 238 2740 bus
277 2685 462 2755 postea
490 2685 797 2755 contigifl‘es
831 2690 855 2739 ἓ
889 2687 955 2738 Et
998 2688 1220 2739 necdum
1259 2688 1553 2756 imperator
1579 2725 1596 2751 ‚

131 2762 376 2813 necdum
408 2760 495 2812 dei
529 2759 674 2812 filius
715 2777 850 2814 eras.
897 2759 1183 2829 Hispaniam
1217 2760 1598 2815 Germaniam-

137 2850 249 2903 que
300 2851 470 2902 quum
515 2833 760 2902 plurimae
802 2849 986 2903 gentes
1011 2874 1026 2897 ‚
1082 2851 1141 2886 ac
1173 2850 1344 2902 prope
1383 2833 1598 2886 infinita

136 2906 366 2959 vastitas
411 2905 771 2970 interjacentis
812 2908 952 2972 soli,
993 2922 1109 2959 tum
1132 2907 1418 2976 Pyrenaeus
1441 2946 1459 2969 ,
1497 2909 1595 2959 ΑΙ-

139 2996 242 3049 pes
266 3019 284 3047 ,
322 2980 683 3051 immensique
713 2979 806 3034 alii
834 2995 1049 3035 montes
1069 3020 1086 3048 ,
1122 2981 1231 3032 nisi
1264 2980 1349 3033 his
1374 2997 1595 3051 compa-

1156 3054 1211 3122 Q
1242 3052 1301 3120 iij
