1951 3720
407 327 539 380 122
744 307 1009 375 CAII
1073 306 1497 374 ΡιιΝιι

508 424 649 482 XX.
692 429 1020 481 Ptnuus
1077 429 1423 480 ΜΑκιΜο
1476 438 1616 478 suo
1663 426 1714 480 S.

393 528 652 597 Significat
681 527 793 594 quid
825 528 882 576 de
918 526 1054 576 libris
1090 525 1305 575 Maximi
1326 524 1609 595 generaliter
1633 522 1806 589 judicati

399 627 498 750 Q
525 689 667 727 1111)
706 673 957 725 senserim
997 673 1060 723 de
1102 670 1326 741 singulis
1366 670 1515 723 libris
1551 670 1652 722 tuis
1676 710 1691 733 ‚
1727 686 1802 723 no·

395 764 510 802 tum
547 749 674 811 tibi,
714 761 772 798 ut
815 762 1079 814 quemque
1101 748 1426 815 perlegeram
1451 786 1463 808 ,
1496 745 1610 797 feci.
1643 743 1808 811 Accipe

397 839 540 875 nunc
572 823 700 890 quid
737 822 799 871 de
832 819 1102 871 universis
1135 819 1448 888 generaliter
1471 817 1715 882 judicem.>
1744 815 1810 867 Est

399 912 536 963 opus
579 895 858 964 pulchrum
884 933 900 957 ‚
930 893 1218 955 validum,
1263 908 1410 954 acre,
1447 890 1658 943 sublime
1681 929 1696 952 ‚
1735 906 1812 941 va·

397 970 538 1021 tium
566 1008 581 1032 ,
632 972 843 1037 elegans
867 1006 884 1030 ‚
921 983 1112 1034 purum
1146 1005 1162 1029 ‚
1196 964 1481 1035 figuratum
1507 1005 1522 1027 ‚
1562 962 1811 1032 spatiosum

397 1042 563 1095 'etiam
600 1081 615 1105 ,
655 1043 709 1094 &
744 1057 865 1092 cum
914 1057 1104 1110 magna
1144 1055 1233 1091 tua
1276 1041 1430 1091 laude
1469 1036 1720 1091 diffusum.
1766 1037 1811 1086 In

401 1118 512 1185 quo
550 1130 609 1167 tu
641 1114 847 1184 ingenii
878 1113 1041 1166 simul
1074 1113 1380 1181 dolorisque
1422 1112 1561 1165 velis
1592 1107 1814 1162 latissime

399 1189 604 1242 vestus.
631 1206 688 1241 es
713 1229 728 1251 ‚
774 1189 826 1239 &
867 1189 1062 1239 horum
1104 1202 1389 1255 utrumque
1434 1185 1664 1237 invicem
1703 1181 1814 1246 adiu·

402 1277 590 1315 mento
622 1263 741 1314 fuit.
786 1263 923 1313 Nam
961 1261 1136 1313 dolori
1168 1260 1547 1312 sublimitatem
1575 1259 1625 1310 &
1652 1254 1818 1326 magni·

403 1335 676 1389 ficentiam
707 1334 1020 1403 ingenium3
1061 1334 1280 1404 ingenio
1315 1333 1433 1386 vim
1469 1334 1521 1385 δι
1558 1330 1819 1385 amaritudi-

404 1426 530 1461 nem
555 1411 711 1461 dolor
740 1407 954 1461 addidit.
994 1409 1152 1462 Vale.

429 1525 608 1582 XXI.
649 1528 775 1580 Pu
798 1542 857 1581 u.
898 1529 1152 1580 Vtmo
1195 1531 1547 1582 Canium
1588 1539 1724 1580 suo
1756 1527 1802 1581 S.

555 1626 813 1678 Helvidius
838 1623 1030 1695 sorores
1053 1644 1083 1675 a
1098 1641 1244 1694 partu
1276 1627 1525 1690 exstitit-las
1553 1626 1709 1695 deflet.

413 1712 507 1808 Τ
531 1763 571 1801 R
586 1764 609 1801 1
628 1764 708 1802 ετ
724 1765 759 1802 Ε
775 1763 829 1803 Μ
874 1750 927 1801 δι
971 1751 1218 1803 acerbum
1269 1750 1447 1802 casum
1494 1747 1824 1802 Helvidiarum
1875 1717 1877 1822 4

414 1823 664 1877 sororum
688 1828 700 1878 l
736 1825 975 1893 Utraque
999 1841 1029 1877 a
1057 1840 1239 1892 partu,
1270 1837 1495 1894 utraque
1517 1823 1680 1877 filiam
1701 1821 1830 1874 enixa

416 1898 665 1950 decessit.
709 1898 928 1950 Afficior
959 1900 1147 1951 dolore
1168 1939 1185 1963 ‚
1223 1915 1321 1950 nec
1351 1910 1533 1952 tamen
1568 1899 1713 1967 supra
1740 1912 1829 1947 mo·

419 1973 548 2024 dum
580 1973 777 2023 doleo:
811 1971 887 2023 ita
933 1971 1068 2028 mihi
1108 1972 1406 2025 luctuosum
1436 1973 1649 2025 videtur
1669 2000 1697 2034 ‚=
1717 1967 1831 2038 qubd

418 2046 624 2113 puellas
663 2044 1061 2097 honestissimas
1099 2045 1156 2097 in
1179 2045 1314 2097 flore
1337 2045 1516 2113 primo
1552 2043 1830 2098 foecunditas

423 2117 650 2170 abstulit.
698 2118 885 2187 Angor
925 2119 1208 2170 infantium
1249 2119 1390 2171 sorte
1410 2159 1425 2181 ‚
1471 2137 1588 2188 quae
1633 2119 1742 2170 sunt
1765 2131 1831 2184 pa-

424 2191 662 2244 rentibus
709 2190 882 2242 statim
921 2231 937 2254 ,
999 2193 1052 2244 ὅ(
1100 2195 1224 2244 dum
1278 2193 1560 2244 nascuntur
1585 2232 1600 2255 ‚
1650 2192 1831 2245 orbatae.

424 2266 613 2334 Angor
642 2265 975 2331 optimorum
1000 2266 1313 2319 maritorum
1336 2306 1351 2330 ‚
1375 2283 1545 2335 angor
1567 2265 1719 2318 etiam
1735 2277 1833 2315 meo

426 2338 669 2392 nomine.
709 2340 844 2390 Nam
869 2353 1072 2406 patrem
1094 2339 1305 2392 illarum
1326 2340 1632 2392 defuan
1655 2350 1833 2407 quoque

424 2411 953 2481 perseverantissime
984 2413 1183 2483 diligo,
1214 2428 1274 2465 ut
1294 2413 1505 2466 afflone
1531 2413 1677 2475 mei,
1701 2407 1834 2463 libris·

426 2502 534 2555 que
571 2484 812 2536 testatum
853 2485 964 2539 est:
1009 2487 1095 2538 cui
1130 2504 1270 2539 nunc
1305 2504 1444 2539 unus
1485 2504 1556 2539 ex
1590 2486 1746 2538 tribus
1784 2481 1835 2533 li·

425 2558 569 2612 beris
604 2558 833 2625 superest
853 2598 867 2621 ‚
905 2561 1232 2628 domumque
1268 2560 1505 2628 pluribus
1539 2554 1836 2614 adminiculis

428 2630 592 2702 paulo
624 2631 745 2684 ant'e
776 2634 1044 2685 fundatam
1080 2634 1343 2687 desolatus
1363 2633 1514 2686 fulcit
1544 2651 1604 2686 ac
1637 2631 1838 2686 sustinet.

358 2760 360 2763 ,
429 2706 639 2773 Magno
681 2719 859 2759 tamen
893 2707 1138 2758 fomento
1163 2709 1318 2759 dolor
1354 2724 1503 2758 meus
1539 2704 1838 2775 acquiescet,

429 2779 482 2831 si
509 2780 649 2830 hunc
679 2778 861 2832 saltem
895 2780 1091 2832 fortem
1124 2780 1177 2831 ὅ(
1208 2780 1563 2844 incolumem,
1589 2789 1842 2848 paremque

431 2851 517 2907 illi
540 2849 677 2918 patri
702 2890 718 2914 ‚
752 2851 833 2904 illi
863 2869 969 2905 avo
992 2853 1205 2906 fortuna
1233 2853 1544 2909 servaverit.
1588 2851 1743 2915 Cuius
1761 2862 1842 2915 ego

429 2941 534 2996 pro
573 2925 741 2981 salute
764 2963 780 2992 ,
815 2942 917 2999 pro
959 2927 1199 2983 moribus
1224 2966 1242 2995 ,
1275 2924 1380 2984 hoc
1418 2927 1536 2983 sum
1572 2924 1734 3000 magis
1766 2935 1844 2977 an·
