1951 3720
412 304 1332 377 EpzsrozAE.Lib.1V.
1453 320 1583 404 τις

130 440 201 479 ne
240 424 432 479 verbis
474 426 690 494 quidem
736 426 893 478 nudis
932 425 1229 479 abstinuiffe
1261 447 1277 488 ;
1317 443 1432 496 quae
1482 442 1589 481 nos

138 499 429 568 refugimus
457 539 472 563 ‚
511 516 626 551 non
672 499 797 569 quia
832 500 1129 553 severiores
1167 501 1190 568 (
1222 503 1362 553 unde
1399 500 1591 571 enim)

141 573 225 624 sed
254 572 380 641 quia
406 573 708 625 timidiores
733 574 932 627 sumus.
963 574 1172 626 Scimus
1208 573 1454 643 alioquin
1488 574 1595 626 hu·

142 644 221 710 jus
252 648 506 714 opusculi
538 646 685 699 illam
717 645 821 701 efl‘e
855 647 1196 701 verissimam
1217 650 1395 720 legem
1432 662 1596 719 quam

144 721 378 772 Catullus
404 720 710 789 expressit:

262 816 396 867 Nam
421 818 594 881 castum
628 816 717 883 effe
741 819 878 868 decet
898 817 1028 886 pium
1053 819 1244 887 pnicum

263 888 464 958 Ipsum.
504 892 765 942 versiculos
803 892 924 941 nihil
957 892 1132 958 neceffe
1172 894 1276 956 est3

268 964 372 1035 Qui
395 979 510 1013 tunc
530 965 725 1031 denique
746 965 918 1015 habent
926 962 1079 1033 salem
1099 968 1144 1017 6·
1167 967 1373 1035 leporem
1398 1000 1423 1028 9

263 1036 324 1086 Si
348 1034 469 1103 sunt
503 1038 742 1088 molliculi
776 1039 824 1088 ὃ·
848 1058 1017 1106 parum
1043 1040 1227 1107 puditi-

143 1121 249 1203 Ego
288 1132 482 1203 quanti
522 1134 709 1186 faciam
746 1132 1001 1197 iudicium
1030 1150 1224 1199 tuum,
1263 1137 1355 1188 vel
1379 1153 1449 1189 ex
1485 1136 1605 1193 hoe·

142 1222 293 1275 potes
336 1206 626 1271 aestimare,
664 1204 809 1276 quod
839 1207 1005 1259 malui
1037 1208 1219 1262 omnia
1255 1226 1284 1260 a
1314 1223 1368 1261 te
1409 1210 1605 1277 pensi·⁴

143 1280 236 1332 tari
258 1319 275 1344 ,
318 1280 483 1349 quam
533 1279 701 1334 electa
745 1280 963 1333 laudari.
1032 1282 1098 1332 Et
1147 1278 1269 1336 sane
1311 1299 1428 1350 quae
1477 1283 1603 1337 sunt

142 1354 588 1407 commodissima
611 1393 628 1418 ‚
663 1354 914 1406 desinunt
959 1352 1135 1406 videri
1167 1393 1183 1417 ‚
1226 1372 1390 1423 quum
1450 1356 1605 1424 paria*

142 1426 240 1480 effe
277 1443 587 1496 coeperunt.
631 1427 892 1479 Praeterea
912 1426 1121 1495 sapiens
1149 1427 1459 1497 subtilisque
1482 1425 1604 1482 lec-'-

141 1513 225 1568 tor
275 1505 394 1554 non
442 1502 600 1553 debet
648 1500 879 1554 diversis
931 1501 1173 1553 conferre
1215 1500 1421 1554 diversa
1446 1541 1463 1566 ,
1507 1499 1602 1559 sed

142 1573 351 1643 singula
401 1574 743 1643 expendere,
781 1590 882 1626 nec
929 1572 1160 1625 deterius
1212 1573 1322 1626 alio
1365 1588 1552 1643 putare
1577 1615 1599 1644 ,

143 1650 291 1716 quod
322 1646 444 1701 est
429 1665 491 1700 m
513 1648 612 1700 suo
643 1663 836 1717 genere
864 1645 1176 1715 perficium,
1209 1647 1314 1699 Sed
1336 1648 1466 1716 quid
1492 1665 1607 1718 ego

143 1723 333 1789 plura?
376 1723 519 1774 Nam
560 1720 812 1791 longiore
852 1719 1166 1805 prefatione
1211 1723 1302 1773 vel
1344 1722 1601 1777 excusare

145 1797 228 1847 vel
278 1795 663 1849 commendare
716 1794 946 1862 ineptias
985 1832 1003 1857 ‚
1056 1792 1459 1862 ineptissimum
1501 1794 1604 1850 est.

146 1867 328 1922 Unum
364 1869 503 1921 illud
537 1868 927 1936 praedicendum
961 1868 1218 1932 videtur,
1247 1869 1483 1938 cogitare
1506 1884 1609 1941 meg

147 1940 236 1995 has
265 1958 441 2012 nugas
472 1958 618 1995 meas
655 1941 730 1993 ita
762 1939 1043 1994 inscribere
1062 1980 1079 2005 ‚
1118 1938 1587 2013 Hendecasyllabi
1582 1981 1601 2010 ,

150 2014 236 2082 qui
263 2016 461 2068 titulus
479 2014 594 2067 sola
624 2013 783 2067 metri
811 2016 928 2085 lege
962 2013 1358 2084 constringitur.
1400 2015 1602 2069 Proin-.-

153 2087 209 2141 de
255 2089 380 2142 sive
423 2088 807 2158 epigrammata
826 2126 843 2152 ,
874 2088 995 2141 sive
1028 2087 1215 2157 idyllia
1234 2126 1250 2152 ‚
1293 2087 1412 2141 sive
1447 2088 1601 2142 celo-'-

151 2177 236 2230 gas
254 2201 273 2226 ‚
316 2161 441 2215 sive
466 2163 491 2231 (
513 2176 575 2213 ut
597 2161 796 2228 multi)
818 2161 1088 2230 po'e‘matia
1106 2200 1123 2225 ‚
1161 2161 1251 2214 seu
1274 2164 1427 2230 quod·
1450 2159 1596 2221 aliud

152 2250 340 2288 vocare
364 2234 619 2288 malueris
636 2274 651 2298 ‚
683 2235 863 2289 licebit
890 2252 1057 2289 voces
1078 2254 1093 2288 ε
1114 2251 1219 2304 ego
1239 2234 1448 2288 tantum
1466 2235 1597 2289 hen-

153 2308 518 2380 decasyllabos
556 2307 764 2378 praesto.
827 2310 879 2362 A
918 2306 1260 2377 simplicitate
1298 2323 1387 2360 tua
1426 2323 1556 2377 peto
1578 2347 1603 2380 ,

154 2385 292 2450 quod
309 2385 377 2436 de
394 2381 584 2435 libello
613 2399 739 2436 meo
760 2382 993 2436 dicturus
1013 2400 1069 2435 es
1090 2380 1207 2434 aliis
1224 2421 1239 2445 ‚
1261 2381 1395 2434 mihi
1414 2382 1556 2434 dicas
1581 2400 1599 2437 ε

153 2471 319 2524 neque
366 2456 445 2508 est
489 2455 701 2510 difficile
748 2459 895 2526 quod
932 2455 1163 2525 postulo·
1221 2456 1358 2508 Nam
1403 2454 1452 2508 si
1488 2454 1601 2523 hoc

154 2530 466 2596 opusculum
497 2528 767 2596 nostrum,
804 2544 894 2583 aut
931 2528 1277 2599 potissimum
1300 2526 1462 2591 effet,
1506 2542 1602 2582 aut

154 2601 352 2667 folum,
366 2602 583 2656 fortafi'e
601 2601 772 2672 poffet
784 2605 971 2657 durum
984 2600 1159 2656 videri
1172 2602 1378 2665 dicere,
1400 2601 1612 2668 Quaerev

157 2677 295 2743 quod
324 2693 485 2807 agas.
515 2680 685 2733 molle
708 2679 763 2734 ἃ
791 2676 1084 2733 humanum
1114 2674 1224 2742 est,
1230 2674 1436 2731 Habes.
1450 2673 1607 2749 quod

156 2763 292 2821 ngas.
394 2753 505 2808 ale
