1951 3720
359 361 449 409 η
640 335 947 404 ΌΑΙΙ
1020 332 1500 403 ΡιιΝιι’

350 472 467 508 non
516 451 760 506 admira-ri
807 453 1085 505 hominem
1138 452 1488 505 admiratione
1535 449 1785 522 dignissi-

350 535 499 582 mu'm
527 565 542 590 ‚
567 527 690 595 quia
712 524 895 577 videre
920 564 936 589 ,
960 525 1163 594 alloqui
1188 565 1203 589 ‚
1224 525 1402 577 audire
1427 564 1444 588 ,
1468 524 1752 593 complesti
1776 563 1791 589 ‚

354 617 453 653 nec
488 601 697 653 laudare
738 599 941 651 tantum
966 637 983 663 ,
1029 600 1217 651 verum
1252 599 1414 650 etiam
1451 614 1626 651 amare
1671 614 1795 650 con-

353 673 537 743 tingit.
577 673 733 723 Vale.

428 766 608 818 XVII.
642 764 901 816 Ptmms
944 765 1143 817 Coun.
1175 764 1460 815 Τιτιᾼιτο
1503 775 1626 815 suo
1665 763 1723 817 S.

357 860 636 927 Capitonem
671 859 838 907 laudat
867 889 885 916 ,
922 857 1001 923 qui
1034 857 1229 906 amicum
1261 872 1489 906 mortuum
1512 892 1530 915 ,
1574 859 1620 908 6·
1655 853 1801 922 illus-

408 950 526 997 ¹mes
555 928 855 999 antiquitatis
880 931 1017 979 viros
1050 931 1225 982 honore
1247 931 1509 995 statuarum
1534 964 1550 991 ‚
1587 931 1634 981 6·
1665 947 1799 1000 egre*

418 1005 520 1074 giis
552 1003 834 1055 carminibus
864 1018 1087 1056 exornat·

360 1104 439 1198 E
458 1159 484 1196 s
503 1159 541 1196 ι·
572 1144 737 1198 adhuc
768 1161 905 1198 curae
934 1141 1243 1196 hominibus
1275 1142 1406 1197 fides
1440 1145 1494 1197 &
1521 1142 1759 1197 officium
1782 1161 1799 1196 t

358 1217 480 1269 sunt
510 1219 602 1286 qui
634 1219 999 1271 defunQoi-um
1032 1233 1245 1285 quoque
1278 1218 1478 1270 amicos
1510 1231 1685 1287 agant.
1712 1216 1802 1268 Ti-

357 1291 523 1343 tinius
568 1291 762 1360 Capito
799 1292 861 1343 ab
901 1290 1223 1358 imperatore
1264 1290 1448 1344 nostro
1488 1289 1803 1359 impetravit

359 1378 420 1415 ut
452 1364 555 1416 sibi
584 1364 769 1418 liceret
799 1363 1016 1416 statuam
1038 1362 1100 1415 L.
1134 1362 1348 1417 Silani
1334 1381 1390 1417 m
1420 1363 1541 1442 foro
1573 1379 1800 1432 ponere.

360 1436 643 1489 Pulchrum
693 1439 747 1490 δε
796 1453 985 1506 magna
1033 1437 1185 1488 laude
1221 1435 1453 1514 dignum
1492 1475 1508 1500 ,
1533 1434 1804 1489 amicitia

358 1509 618 1579 principis
640 1509 696 1562 in
710 1512 818 1571 hoc
841 1510 961 1574 uti,
997 1506 1356 1592 quantumque
1387 1508 1553 1580 gratia
1580 1511 1764 1562 valeas
1783 1545 1802 1572 ,

360 1583 591 1635 aliorum
627 1582 923 1636 honoribus
959 1581 1212 1650 experiri.
1253 1581 1337 1634 Est
1376 1583 1602 1636 omnino
1640 1583 1804 1652 Capi·

360 1656 481 1708 toni
516 1657 574 1709 in
602 1657 699 1709 usu
735 1659 904 1709 claros
935 1656 1087 1707 viros
1119 1656 1313 1708 colere.
1352 1656 1557 1709 Mirum
1593 1654 1669 1708 est
1700 1673 1805 1725 qua

362 1729 664 1799 religione,
696 1747 806 1799 quo
833 1728 1005 1781 studio
1037 1727 1295 1799 imagines
1326 1728 1649 1793 Brutorum,
1686 1729 1806 1781 Cas·

362 1801 608 1867 siorum,
648 1805 912 1855 Catonum
963 1802 1151 1867 domi,
1193 1800 1286 1854 ubi
1331 1802 1543 1871 potest,
1593 1804 1801 1856 habeat.

361 1877 509 1929 Idem
545 1876 825 1929 clarissimi
861 1874 1111 1945 cujusque
1143 1874 1312 1927 vitam
1343 1876 1572 1959 egregiis
1610 1877 1803 1930 carmi·

363 1950 517 2002 nibus
555 1964 799 2004 exornat.
838 1949 983 2002 Scias
1022 1949 1194 2017 ipsum
1230 1948 1475 2017 plurimis
1510 1949 1806 2004 virtutibus

363 2021 664 2086 abundare,
702 2022 794 2092 qui
823 2022 1021 2073 alienas
1051 2021 1128 2073 sic
1158 2037 1315 2074 amat.
1347 2024 1602 2077 Redditus
1633 2023 1714 2077 est
1743 2025 1805 2077 L.

364 2096 547 2148 Silano
583 2096 786 2148 debitus
821 2096 1000 2146 honor
1025 2133 1041 2158 ,
1086 2093 1233 2158 cuius
1268 2094 1664 2150 immortalitati
1705 2099 1807 2151 Ca-

363 2167 482 2238 pito
513 2169 790 2238 prospexit
819 2168 1016 2235 pariter
1048 2168 1102 2220 &
1130 2168 1254 2222 suae.
1290 2170 1480 2239 Neque
1510 2170 1659 2224 enim
1693 2188 1805 2224 ma-

364 2242 446 2315 gis
481 2244 728 2295 decorum
765 2243 817 2295 &
846 2240 1055 2310 insigne
1080 2240 1153 2294 est
1172 2279 1187 2304 ,
1226 2240 1444 2298 statuam
1474 2243 1533 2297 in
1553 2244 1679 2299 foro
1712 2261 1805 2313 po·

364 2316 480 2386 puli
508 2314 739 2370 Romani
773 2314 963 2368 habere
988 2353 1005 2378 ,
1044 2313 1201 2383 quam
1233 2331 1454 2383 ponere.
1495 2319 1656 2374 Vale.

367 2425 571 2478 xvm.
592 2425 762 2478 Pur.
788 2426 1119 2481 Sum-omo
1144 2429 1567 2491 Tulit-romu«)
1595 2444 1724 2483 suo
1749 2433 1805 2486 S.

417 2520 641 2572 Suetonii
673 2537 842 2571 metum
877 2539 936 2570 ex
955 2518 1143 2589 somnio
1179 2523 1310 2572 levae
1337 2555 1353 2582 ,
1396 2523 1552 2575 allato
1579 2519 1762 2591 somnii

719 2592 953 2664 cujusdam
991 2611 1158 2660 eventu(
1194 2596 1455 2650 contrario.

373 2679 433 2773 S
453 2729 486 2767 c
506 2729 673 2771 nux
692 2732 719 2770 s
757 2731 812 2770 te
845 2717 1184 2787 perterritum
1221 2718 1435 2773 somnio
1458 2737 1480 2780 ‚·
1520 2718 1702 2772 vereri
1740 2736 1807 2773 ne

368 2789 502 2858 quid
528 2790 739 2844 adversi
770 2790 828 2842 in
857 2791 1066 2847 afflone
1095 2792 1311 2860 patiaris
1338 2812 1352 2845 :
1385 2808 1542 2862 rogas
1578 2806 1641 2843 ut
1672 2794 1806 2845 dila-

372 2864 580 2914 tionem
612 2879 787 2931 petam
813 2884 829 2925 3
871 2865 924 2915 δι
958 2867 1215 2931 pauculos
1250 2864 1361 2917 dies
1383 2905 1401 2928 ,
1442 2865 1584 2917 certe
1613 2866 1807 2932 proxi·

372 2952 522 2994 mum
550 2937 816 2993 excusem.
848 2937 1082 2991 Difficile
1110 2937 1182 2991 est
1200 2976 1216 3002 ‚
1253 2939 1342 2992 sed
1369 2939 1614 3007 experiar
1637 2957 1652 2992 ε
