1951 3720
348 354 923 422 EPISToLAE.
966 351 1282 427 Lib.1X.
1397 353 1532 426 ‘281

172 473 412 527 XXVI.
453 474 786 527 Ptnu‘us
827 475 1185 527 Lurnnco
1228 488 1375 528 suo
1416 478 1471 530 S.

113 594 318 648 Veterum
351 594 567 663 exemplo
581 594 757 663 probat
772 629 788 653 ‚
812 611 1048 646 oratorem
1080 597 1308 648 interdum
1321 595 1546 665 sublimia

469 691 515 740 6·
550 690 773 742 audentia
804 709 900 741 non
936 693 1178 746 dedecere.

111 790 191 884 D
208 843 233 880 1
249 843 296 882 x
316 844 339 881 1
379 830 443 882 de
466 831 703 899 quodam
734 844 948 884 oratore
970 831 1132 895 seculi
1159 830 1322 883 nostri
1347 870 1364 896 ‚
1397 832 1547 885 resso

111 902 313 969 quidem
351 903 406 954 δι
435 903 563 955 sano
585 943 601 966 ‚
645 904 734 956 sed
775 922 961 973 parum
1007 905 1190 975 grandi
1226 906 1278 957 &
1313 921 1504 958 ornato
1527 945 1545 970 ‚

108 988 158 1025 ut
187 975 425 1043 opinor,
474 975 597 1044 apt'e
623 982 644 1028 τ’
682 979 826 1029 Nihil
851 995 1024 1046 peccat
1054 1013 1070 1037 ‚
1120 980 1214 1029 nisi
1261 980 1387 1045 qued
1422 981 1548 1030 nihil

106 1065 279 1113 peccat.
314 1050 494 1101 Debet
526 1049 674 1101 enim
709 1066 891 1103 orator
925 1051 1097 1120 erigi,
1134 1052 1345 1116 attolli,
1377 1052 1548 1104 inter-

109 1121 218 1172 dum
253 1120 421 1173 etiam
460 1120 802 1176 effervescere
826 1163 842 1187 ,
882 1124 1098 1186 efferri,
1141 1142 1200 1177 ac
1235 1125 1371 1192 saepe
1394 1141 1546 1177 acce·

109 1194 213 1246 dere
237 1195 304 1246 ad
326 1211 585 1263 praeceps.
611 1198 747 1247 Nam
762 1200 1079 1265 plerumque
1098 1198 1219 1249 altis
1243 1199 1297 1249 &
1315 1199 1544 1253 excelsis

109 1265 332 1331 adjacent
349 1269 601 1336 abrupta:
636 1268 800 1321 tutius
824 1287 919 1338 per
936 1272 1093 1337 plana
1116 1309 1131 1333 ‚
1167 1270 1257 1322 sed
1283 1271 1545 1325 humilius

109 1339 153 1392 δι
171 1341 475 1410 depressius
507 1343 642 1394 iter:
664 1343 996 1411 frequentior
1026 1342 1357 1395 currentibus
1378 1342 1544 1412 quam

108 1413 424 1481 reptantibus
455 1416 667 1483 lapsus,
652 1433 663 1445 ·
688 1416 777 1469 sed
797 1416 882 1468 his
902 1432 1016 1468 non
1036 1416 1329 1469 labentibus
1360 1419 1543 1481 nulla,

109 1485 201 1539 illis
249 1491 513 1540 nonnulla
548 1490 702 1552 laus,
744 1489 956 1541 etiamsi
999 1491 1255 1543 labantur.
1313 1491 1451 1542 Nam
1485 1505 1549 1555 ut

108 1562 345 1628 quasdam
390 1577 565 1625 arteS‚
598 1562 671 1613 ita
724 1562 1088 1630 eloquentiam
1146 1562 1282 1615 nihil
1333 1563 1537 1646 magis,

107 1651 253 1701 quam
303 1634 558 1702 ancipitia
602 1637 999 1687 commendant.
1070 1636 1288 1698 Vides,
1323 1637 1418 1703 qui
1451 1653 1548 1703 per

105 1707 318 1760 funem‘
303 1725 363 1758 m
393 1707 594 1760 summa
613 1707 892 1771 nituntur,
918 1722 1146 1776 quantos
1170 1707 1376 1759 soleant
1396 1709 1550 1761 exci-

105 1794 203 1832 tare
242 1783 543 1844 elamore5‚
572 1798 735 1849 quum
767 1780 875 1845 jam
906 1779 1120 1849 jamque
1152 1780 1319 1832 casuri
1353 1780 1547 1833 viden·

105 1867 198 1906 tur.
245 1854 385 1907 Sunt
412 1854 558 1907 enim
590 1853 825 1907 maxime
850 1853 1149 1914 mirabilia,
1169 1872 1287 1923 quae
1308 1853 1547 1910 maxime

104 1925 363 1995 insperata
403 1966 418 1991 ‚
470 1927 706 1980 maxime
764 1928 1061 1996 periculosa
1095 1968 1110 1991 ‚
1157 1943 1324 1997 utque
1372 1927 1556 1981 Graeci

105 2001 263 2070 magis
304 2000 663 2069 exprimunt,
696 2025 780 2060 σοι
786 1998 1013 2078 ςάςολιι.
1069 2001 1304 2070 Ideoque
1345 2017 1548 2071 nequa-

105 2094 255 2146 quam
283 2096 381 2147 par
403 2080 770 2150 gubernatoris
794 2080 867 2133 est
888 2081 1094 2143 virtus,
1117 2097 1281 2149 quum
1304 2079 1550 2147 placide,

103 2151 151 2202 δι
183 2168 354 2221 quum
395 2153 606 2204 turbato
640 2152 772 2205 mari
802 2150 1053 2205 vehitur·
1043 2187 1059 2211 ‚
1103 2167 1229 2204 tunc
1260 2152 1554 2206 admirante

102 2227 245 2277 nullo
302 2225 587 2277 illaudatus
621 2263 638 2288 ‚
688 2224 948 2295 inglorius
999 2225 1137 2276 subit
1189 2240 1406 2294 portum
1444 2245 1457 2278 ε
1501 2241 1555 2278 at

99 2313 261 2365 quum
302 2296 529 2349 stridunt
565 2298 752 2362 funes,
792 2308 1043 2350 curvatur
1075 2299 1265 2360 arbor,
1307 2299 1559 2369 guberna·

99 2373 206 2422 cula
257 2385 486 2439 gemunt
529 2388 548 2429 ·,
609 2385 735 2423 runc
789 2371 879 2423 ille
926 2374 1096 2423 clarus
1148 2372 1200 2422 &
1242 2371 1341 2423 diis
1394 2373 1556 2426 maris

99 2443 408 2527 proximus.
452 2444 613 2507 Haec,
648 2444 776 2512 quia
807 2444 957 2498 visus
992 2461 1048 2495 es
1086 2443 1218 2494 mihi
1251 2443 1309 2495 in
1346 2445 1555 2513 scriptis

96 2518 224 2568 meis
271 2515 546 2568 adnotafl'e
585 2519 825 2584 quaedam
864 2531 925 2568 ut
972 2517 1175 2568 tumida
1216 2555 1231 2579 ‚
1286 2535 1401 2585 quae
1450 2535 1555 2588 ego

97 2589 385 2647 sublimia3
419 2603 481 2640 ut
517 2588 808 2656 improba,
847 2606 966 2657 quae
1005 2606 1110 2657 ego
1158 2591 1453 2650 audentia3
1493 2606 1558 2643 ut

96 2661 299 2724 nimia,
345 2679 468 2730 qua
500 2678 604 2730 ego
628 2665 785 2731 plena
815 2661 1120 2714 arbitrabar.
1143 2662 1434 2715 Plurimum
1460 2680 1559 2714 au-

95 2749 197 2787 tem
220 2735 442 2795 refert
458 2735 887 2802 reprehendenda
918 2736 1181 2799 adnotes,
1205 2751 1273 2787 an
1303 2735 1556 2804 insignia.

96 2807 305 2861 Omnes
346 2807 496 2859 enim
525 2807 754 2860 advertit
775 2847 791 2870 ‚
832 2808 980 2876 quod
1011 2808 1213 2860 eminet
1252 2808 1305 2860 δε
1342 2808 1550 2860 exstat·
1536 2828 1556 2869 5

93 2879 176 2932 sed
214 2879 339 2933 acri
378 2879 684 2933 intentione
721 2880 1112 2943 dijudicandum
1155 2879 1228 2931 est
1247 2920 1263 2943 ‚
1305 2880 1558 2935 immodi-

92 2969 208 3006 cum
249 2953 332 3007 sit
369 2968 440 3006 an
474 2955 669 3024 grande
693 2992 711 3019 ‚
761 2956 930 3008 altum
968 2970 1037 3008 an
1078 2970 1318 3009 enorme.
1379 2955 1559 3025 Atque
