1951 3720
444 241 1296 317 EPISToLAE.Lib.X.
1452 267 1580 338 301

138 364 357 420 summe
416 367 949 420 observantissimum
1007 383 1301 436 expertuss
1365 368 1593 422 Tantam

140 442 285 493 mihi
327 441 446 509 post
488 443 821 493 consulatum
861 443 1215 494 reverentiam
1252 459 1342 509 pra
1362 441 1492 504 stat,
1537 456 1600 495 ut

140 516 378 582 publica
405 515 812 567 necessitudinis
843 516 1069 584 pignora
1110 515 1334 583 privatis
1361 518 1600 568 cumulet

139 588 366 642 officiis.
391 589 548 656 Rogo
563 606 693 658 ergo
714 604 801 652 ‚ut
823 589 931 655 ipse
954 592 1090 657 apud
1114 604 1167 639 te
1184 628 1201 652 ‚
1215 606 1315 657 pro
1340 589 1595 656 dignitate

138 660 261 725 ejus
280 701 298 723 ‚
327 662 571 730 precibus
606 662 742 714 meis
776 662 984 724 faveas,
1008 666 1093 713 cui
1115 663 1162 714 δι
1182 701 1197 726 ,
1219 680 1263 713 si
1303 663 1428 713 auid
1466 660 1600 715 mihi

140 735 323 787 credis
340 775 356 795 ‚
379 735 761 804 indulgentiam
783 751 925 786 tuam
948 736 1109 788 dahis.
1138 734 1299 787 Dabit
1323 735 1437 803 ipse
1461 751 1600 800 ope-

142 824 257 859 ram
283 849 299 868 ‚
341 823 403 860 ut
439 809 496 860 in
528 808 609 861 his
641 826 758 874 quae
789 808 838 859 ei
864 808 1193 860 mandaveris
1214 848 1229 871 ,
1252 807 1457 870 maiora
1478 824 1598 858 me-

142 896 346 934 reatur.
391 882 693 934 Parciorem
734 899 820 933 me
850 883 909 932 in
947 884 1207 933 laudando
1245 881 1368 933 facit
1391 921 1407 943 ‚
1452 880 1599 949 quod

142 954 308 1021 spero
347 955 447 1006 tibi
490 955 542 1006 δε
574 955 930 1023 integritatem
967 953 1082 1018 ejus
1105 994 1119 1015 ,
1147 955 1199 1005 δι
1235 955 1556 1022 probitatem
1580 990 1599 1017 ,

145 1028 198 1080 8(
242 1027 584 1090 industriam,
625 1045 736 1080 non
783 1028 954 1083 solum
993 1045 1063 1079 ex
1105 1026 1217 1087 eius
1257 1028 1553 1079 honoribus
1578 1066 1599 1091 ,

144 1118 292 1170 quos
314 1101 373 1152 in
398 1103 520 1152 urbe
554 1103 643 1154 sub
668 1101 837 1153 oculis
858 1102 963 1152 tuis
989 1101 1151 1169 gessit
1172 1139 1188 1164 ‚
1223 1101 1409 1153 verum
1431 1100 1595 1152 etiam

145 1190 217 1227 ex
262 1173 629 1237 comminue,
667 1173 768 1226 effe
807 1174 1164 1226 notissimam.
1218 1174 1352 1225 Illud
1383 1191 1547 1228 unum
1585 1213 1602 1238 ,

147 1251 301 1316 quod
323 1263 542 1315 propter
562 1247 830 1301 caritatem
850 1246 962 1309 ejus
983 1249 1218 1299 nondum
1249 1247 1380 1298 mihi
1407 1248 1601 1300 videor

147 1322 278 1374 satis
296 1320 455 1387 plene
469 1320 671 1385 feciffe,
685 1321 844 1374 etiam
865 1336 1022 1390 atque
1038 1320 1201 1372 etiam
1223 1321 1360 1371 facio
1376 1338 1393 1377 3
1410 1335 1566 1387 teque
1587 1358 1602 1385 ,

145 1395 433 1457 Domine,
473 1412 644 1463 rogo,
684 1397 904 1463 gaudere
934 1411 1019 1446 me
1044 1394 1299 1447 exornata
1325 1392 1600 1462 quaestoris

150 1471 263 1521 mei
307 1467 610 1555 dignitate
648 1469 701 1519 id
735 1468 861 1531 est,
862 1485 1005 1536 per
1051 1467 1202 1521 illum
1241 1467 1413 1532 mea
1440 1466 1601 1537 quam

150 1540 522 1596 maturissime
551 1542 719 1596 velis.

198 1661 352 1715 ΧΠ.
397 1661 736 1726 Fuimus
768 1642 1150 1716 TRArAuo
1187 1663 1452 1716 Iutta.
1493 1662 1549 1717 S.

707 1784 828 1853 Agit
854 1781 1059 1851 gratias·

155 1872 254 1966 D
275 1923 301 1962 1
319 1923 351 1961 ι·-
370 1923 400 1961 1²
416 1921 442 1960 1
458 1920 491 1960 c
508 1921 531 1959 1
549 1920 581 1958 ι
597 1919 633 1958 a
657 1905 730 1958 est
745 1947 768 1971 ‚‚
779 1907 1019 1959 Domine
1033 1946 1048 1967 ‚
1067 1904 1370 1974 exprimere
1389 1905 1566 1961 vet-his
1582 1946 1601 1971 ,

155 1998 406 2051 quantam
448 1981 776 2049 perceperim
817 1979 1060 2033 Iaetitiam
1081 2018 1097 2043 ‚
1138 1979 1283 2048 quod
1311 1980 1517 2032 &mihi
1545 1982 1600 2033 δί

155 2056 330 2107 socrui
372 2072 503 2107 meae
544 2052 859 2122 praestitisti,
890 2069 956 2106 ut
991 2055 1055 2106 ad
1092 2051 1253 2105 finem
1296 2054 1608 2106 confiilatfis

156 2131 395 2181 Coelium
440 2131 771 2180 Clementem
795 2126 855 2178 in
885 2128 1016 2178 hanc
1054 2125 1393 2194 provinciam
1430 2142 1606 2180 trans·

153 2201 337 2255 ferres.
381 2203 460 2253 Ex
494 2202 595 2253 illo
617 2201 765 2253 enim
802 2202 1099 2252 mensuram
1121 2199 1368 2251 beneficii
1396 2202 1477 2251 tui
1500 2217 1608 2267 pe-

154 2276 298 2328 nitus
328 2274 620 2344 intelligo
647 2290 811 2342 quum
843 2288 947 2324 tam
982 2274 1191 2355 plenam
1219 2273 1599 2341 indulgentim

155 2364 274 2401 cum
314 2366 434 2402 tota
467 2350 632 2400 domo
671 2365 787 2399 mea
822 2348 1103 2414 experiar:
1144 2347 1230 2398 cui
1264 2346 1457 2398 referre
1482 2364 1514 2416 g
1545 2364 1606 2398 a·

155 2423 284 2474 tiam
328 2439 511 2490 parem
545 2438 613 2473 ne
647 2422 815 2474 audeo
846 2421 1103 2489 quidem,
1143 2420 1387 2488 quamvis
1418 2289 1600 2542 ωᾶίι·

156 2496 241 2548 me
286 2498 527 2548 debeam.
564 2496 748 2562 Itaque
785 2495 849 2545 ad
878 2507 1009 2544 vota
1046 2492 1335 2561 confugio,
1369 2493 1530 2559 deosq
1568 2509 1607 2546 e

157 2586 352 2637 precor
381 2584 442 2621 ut
476 2568 578 2630 iis,
619 2584 734 2634 que
770 2566 832 2621 in
864 2583 951 2622 me
990 2565 1199 2621 assidue
1218 2565 1463 2632 confers⁸
1484 2581 1602 2619 nnn

159 2642 411 2715 indignus
435 2640 726 2696 existimer.
