1951 3720
359 320 501 414 364
648 272 1512 389 PANrcrnrbvs

427 440 554 494 ΧΠ.
575 441 646 493 At
670 457 811 493 nunc
842 440 1001 493 rediit
1022 439 1273 494 omnibus
1297 454 1472 492 terror
1507 439 1560 492 δι
1592 444 1792 505 metus,⁴

356 514 412 568 &
447 530 642 568 votum
680 514 938 583 imperata
974 515 1223 568 faciendi.
1264 514 1469 566 Vident
1500 514 1646 566 enim
1688 515 1794 566 Ro·

354 604 573 642 manum
598 590 787 641 ducem
808 627 823 651 ‚
850 605 1017 641 unum
1048 605 1119 640 ex
1140 587 1247 641 illis
1278 588 1550 640 veteribus
1585 587 1638 638 δι
1669 587 1796 654 pris·

359 660 439 714 cis
456 700 471 724 ‚
494 662 685 730 quibus
716 661 1124 730 imperatorium
1153 678 1357 713 nomen
1391 662 1648 713 addebant
1671 677 1800 712 con·

353 733 484 789 teffi
522 736 750 787 caedibus
785 735 1000 803 campi,
1035 736 1087 787 &
1119 734 1314 787 infecta
1347 733 1598 786 vieloriis
1620 733 1798 788 maria.

353 807 665 877 Accipimus
703 809 913 862 obsides
954 825 1086 878 ergo
1107 847 1123 871 ‚
1155 825 1268 860 non
1290 807 1550 867 emimus;
1591 823 1691 858 nec
1731 807 1801 858 in-

354 884 602 951 gentibus
633 883 840 934 damnis
871 881 1258 950 immensisque
1300 881 1611 933 muneribus
1648 880 1802 948 pacis-

354 954 530 1015 cimur
550 994 565 1019 ‚
596 970 656 1007 ut
694 955 1005 1008 vicerimus.
1042 956 1256 1024 Rogant
1275 993 1292 1018 ,
1329 954 1630 1022 supplicant
1657 972 1675 1013 ·,
1706 956 1801 1006 lar·

354 1027 535 1099 gimur
555 1066 570 1091 ‚
611 1044 901 1099 negamus:
934 1044 1219 1097 utrumque
1257 1045 1329 1080 ex
1368 1028 1585 1096 imperii
1621 1025 1803 1092 majes-

355 1114 485 1163 tate.
545 1102 725 1172 Agunt
770 1102 961 1172 gratias
1015 1103 1110 1172 qui
1166 1102 1591 1170 impetraverunt
1627 1121 1644 1162 3
1699 1118 1803 1154 non

355 1176 552 1229 audent
589 1176 739 1243 queri
772 1176 961 1246 quibus
1003 1190 1253 1246 negatum
1289 1175 1382 1228 est.
1425 1177 1512 1228 An
1548 1176 1802 1240 audeant,

357 1247 455 1317 qui
495 1248 661 1301 sciant
701 1264 754 1301 te
796 1248 1042 1302 adsediffe
1090 1248 1437 1302 ferocissimis
1480 1249 1704 1317 populis
1742 1265 1803 1302 eo

357 1319 479 1390 ipso
530 1337 810 1391 tempore,
844 1324 993 1393 quod
1033 1323 1415 1375 amicissimum
1465 1322 1577 1375 illis
1603 1363 1620 1386 ‚
1677 1321 1804 1375 diffi-

355 1395 620 1449 cillimum
669 1396 829 1457 nobis
873 1415 890 1457 ;
944 1414 1111 1466 quum
1158 1397 1437 1449 Danubius
1489 1396 1635 1465 ripas
1694 1398 1809 1467 gelu‘

356 1468 536 1539 iungit
559 1509 574 1533 ,
609 1470 924 1539 duratusque
973 1470 1141 1540 glacie
1191 1471 1429 1539 ingentia
1474 1484 1628 1539 tergo
1679 1472 1805 1523 bella

356 1543 678 1611 transportat
703 1561 718 1601 3
752 1560 917 1612 quum
953 1544 1077 1597 ferae
1100 1559 1286 1613 gentes
1317 1559 1430 1595 non
1449 1544 1574 1596 telis
1599 1543 1765 1613 magis
1786 1582 1801 1606 ‚

358 1616 521 1685 quam
553 1617 649 1669 suo
681 1620 825 1669 coelo
850 1656 867 1682 ,
899 1617 998 1670 suo
1034 1617 1206 1670 sidere
1247 1620 1558 1670 armantur?
1591 1617 1696 1669 Sed
1724 1616 1806 1669 ubi

358 1688 422 1744 in
455 1690 712 1774 proximo
749 1705 807 1743 tu
839 1731 854 1756 ‚
898 1708 1014 1745 non
1050 1692 1197 1744 secus
1233 1707 1292 1743 ac
1326 1690 1374 1743 si
1416 1705 1632 1744 mutatae
1673 1705 1805 1743 tem-

358 1781 558 1833 porum
611 1765 760 1817 vices
810 1764 1017 1829 effent,
1060 1766 1139 1817 illi
1178 1765 1393 1834 quidem
1427 1765 1666 1818 latibulis
1702 1765 1804 1818 suis

359 1839 528 1894 clausi
549 1841 897 1900 tenebantur,
931 1838 1106 1892 nostra
1146 1839 1358 1924 agmina
1398 1839 1707 1908 percursare
1741 1838 1807 1892 ri·

362 1929 500 1982 pas,
540 1914 592 1965 &
623 1914 798 1966 aliena
831 1913 1154 1977 occasione,
1191 1914 1238 1966 si
1277 1914 1656 1982 permitteres,
1693 1913 1769 1965 uti
1790 1949 1806 1977 ‚

364 1988 619 2056 ultroque
641 1987 876 2041 hiemem
921 1987 1069 2042 suam
1117 1953 1347 2043 liuhais
1383 1987 1581 2041 inferre
1620 1989 1806 2058 gaude·

280 2095 283 2099 Δ
366 2060 512 2114 bant.

377 2176 387 2192 f
441 2134 595 2190 XIII.
637 2136 767 2189 Haec
800 2135 898 2189 tibi
935 2137 1076 2205 apud
1106 2135 1283 2190 hostes
1315 2136 1622 2191 veneratio.
1673 2134 1807 2203 Quid

367 2210 510 2277 apud
549 2209 750 2263 milites
784 2212 807 2262 ἓ
852 2227 1012 2279 quam
1062 2210 1468 2264 admirationem
1503 2250 1519 2274 ,
1562 2210 1806 2280 quemad-=

367 2285 593 2340 modum
626 2283 983 2352 comparasti?
1024 2301 1188 2353 quum
1221 2300 1397 2337 tecum
1423 2283 1661 2338 inediam
1683 2324 1700 2347 ‚
1734 2300 1807 2337 te·

369 2372 495 2412 cum
543 2356 740 2408 ferrent
789 2356 975 2412 sitim:
1013 2374 1178 2427 quum
1224 2358 1281 2410 in
1329 2359 1419 2410 illa
1468 2358 1809 2411 meditatione

369 2429 647 2497 campestri
685 2429 1001 2483 militaribus
1033 2431 1222 2483 turmis
1245 2431 1661 2500 imperatorium
1698 2434 1807 2500 pul.

368 2519 557 2556 verem
600 2503 950 2573 sudoremque
994 2504 1239 2558 misceres
1273 2544 1290 2569 ‚
1333 2504 1467 2557 nihil
1510 2522 1540 2557 a
1588 2507 1806 2568 ceteris.

367 2577 479 2631 nisi
550 2578 742 2629 robore
806 2594 866 2630 ac
920 2577 1215 2647 praestantia
1275 2576 1525 2631 differens
1575 2598 1589 2631 z
1657 2595 1806 2648 quum

368 2650 545 2704 libero
579 2652 755 2703 Marte
785 2668 926 2705 nunc
965 2652 1211 2704 cominus
1243 2654 1347 2704 tela
1382 2652 1655 2717 vibmres,
1679 2666 1807 2704 nunc

370 2724 578 2784 vibrata
622 2724 945 2793 susciperes,
985 2728 1159 2782 alacer
1200 2726 1401 2778 virtute
1444 2726 1685 2778 militnm
1708 2765 1722 2789 ,
1760 2725 1807 2777 δι

373 2801 527 2852 laetus
548 2838 565 2863 ‚
602 2799 813 2866 quoties
849 2814 940 2852 aut
969 2799 1161 2852 cassidi
1192 2814 1296 2852 tuae
1334 2813 1423 2851 aut
1462 2802 1664 2868 clypeo
1700 2815 1807 2869 gra-

374 2872 503 2924 vior
533 2872 670 2924 istus
700 2872 1001 2941 incideret(
1033 2874 1275 2926 laudabas
1307 2872 1505 2942 quippe
1526 2872 1808 2934 ferientes,

372 2944 772 3027 hortabarisque
817 2962 881 3001 ut
929 2948 1222 3015 auderent3
1267 2948 1322 3003 &
1360 2947 1620 3008 audebant
1662 2944 1805 3016 jam)
