1951 3720
360 332 456 430 98
684 331 954 401 CAJI
1032 330 1450 400 ΡιιΝιι

377 454 1796 634 Qffiffiffileffiafflssax·

441 668 876 755 LIBER
999 667 1736 779 QUARTUS.

361 839 409 893 1.
463 838 525 890 C.
567 836 827 889 Primus
867 836 1124 886 Fumi-o
1165 832 1549 889 Pnosocuo
1588 847 1721 888 svo
1762 836 1818 891 S.

420 959 692 1011 Adventum
714 953 850 1024 suum
878 954 1149 1025 significat,
1186 956 1345 1006 eodem
1366 957 1534 1007 itinere
1570 956 1766 1025 Tifierm'

810 1051 1031 1122 templum
1059 1052 1377 1105 dedicaturus.

375 1139 664 1236 Cvrrs
709 1173 830 1246 post
879 1177 1103 1245 longum
1148 1188 1361 1244 tempus
1412 1190 1634 1246 neptem
1678 1189 1823 1232 tuam

289 1309 295 1315 ,
368 1259 564 1324 meque
586 1250 692 1303 una
729 1250 931 1303 videre.
977 1248 1203 1301 Gratum
1233 1248 1307 1301 est
1342 1250 1554 1319 utrique
1585 1250 1823 1305 nostrum

374 1329 522 1395 quod
558 1325 748 1394 cupis3
787 1320 978 1376 mutuo
1033 1323 1350 1376 mehercule.
1401 1325 1540 1376 Nam
1580 1324 1824 1378 invicem

373 1417 478 1453 nos
495 1397 798 1451 incredibili
821 1398 1052 1465 quodam
1072 1395 1338 1449 desiderio
1356 1396 1518 1449 vestri
1540 1412 1825 1463 tenemur,

376 1475 526 1543 quod
553 1489 666 1525 non
689 1469 824 1522 ultra
857 1468 1180 1522 differemus.
1214 1471 1389 1539 Atque
1419 1473 1552 1523 adeo
1589 1470 1706 1556 jam
1733 1438 1829 1525 sar,-

377 1548 582 1599 cinulas
619 1544 937 1614 alligamus,
980 1542 1270 1595 festinaturi
1313 1559 1570 1612 quantum
1612 1545 1827 1599 itineris

378 1620 520 1673 ratio
569 1617 885 1687 permiserit.
933 1617 1047 1669 Erit
1085 1634 1237 1680 una,
1286 1617 1376 1670 sed
1412 1618 1592 1671 brevis
1626 1636 1825 1673 morat

378 1692 721 1746 deficeremus
753 1690 810 1743 in
828 1691 1068 1752 Tuscos,
1101 1707 1214 1743 non
1233 1707 1293 1743 ut
1313 1708 1469 1761 agros
1495 1709 1726 1762 remque
1752 1694 1829 1746 sa-

382 1766 647 1820 miliarem
683 1764 854 1818 oculis
893 1762 1271 1833 subjiciamus(
1304 1766 1358 1817 id
1395 1765 1540 1818 enim
1564 1766 1830 1835 postponi

381 1839 594 1910 potest)
616 1839 706 1893 sed
726 1854 783 1892 ut
801 1839 1080 1909 fungamur
1097 1837 1387 1893 necefl‘atio
1406 1839 1605 1893 officio.
1646 1841 1831 1911 Oppi-

382 1916 507 1968 dum
545 1912 618 1966 est
655 1913 864 1989 praediis
895 1910 1088 1967 nostris
1120 1913 1402 1979 vicinum,
1434 1931 1637 1967 nomen
1663 1916 1833 1969 Tifer-

383 2004 514 2042 num
555 1981 896 2049 Tiberinum,
928 1988 1075 2055 quod
1108 2004 1197 2040 me
1225 2003 1362 2059 pene
1393 1990 1563 2040 adhuc
1602 2005 1832 2057 puerum

384 2077 673 2131 patronum
703 2059 986 2129 cooptavit
1004 2058 1154 2119 tanto
1173 2060 1377 2127 majore
1394 2060 1601 2124 studio,
1626 2061 1832 2132 quanto

385 2135 599 2188 minore
618 2134 838 2200 iudicio.
859 2135 1136 2186 Adventus
1158 2151 1311 2187 meos
1335 2137 1589 2199 celebrat,
1616 2139 1832 2204 profec-
1880 2162 1887 2185 ι

385 2208 626 2262 tionibus
658 2208 902 2278 angitur,
934 2207 1231 2262 honoribus
1260 2210 1468 2278 gaudet.
1506 2211 1568 2261 ln
1589 2210 1705 2264 hoc
1734 2227 1832 2297 ego

385 2297 448 2336 ut
467 2282 715 2335 referrem
736 2282 963 2351 gratiam
982 2283 1145 2350 (nam
1163 2281 1314 2335 vinci
1334 2282 1399 2334 ιιι
1419 2299 1602 2335 amore
1627 2285 1834 2353 turpis-

387 2355 588 2409 simum
608 2355 714 2423 est)
733 2358 993 2424 templum
1013 2372 1133 2408 mea
1149 2356 1372 2424 pecunia
1390 2355 1668 2417 exstruxi3
1690 2356 1832 2424 cujus

386 2428 778 2483 dedicationem
802 2469 818 2494 ‚
857 2445 1021 2499 quum
1043 2429 1117 2481 sit
1150 2443 1390 2497 paratum
1409 2468 1426 2492 ,
1458 2428 1680 2484 differre
1715 2434 1833 2485 lon·

390 2502 511 2574 gius
533 2541 548 2565 ,
587 2502 942 2572 irreligiosum
972 2501 1064 2557 est.
1102 2502 1312 2555 Erimus
1343 2520 1473 2573 ergo
1511 2503 1590 2555 ibi
1620 2506 1833 2559 dedica·
1876 2568 1883 2576 ¹

388 2576 561 2629 tionis
587 2576 673 2628 die
693 2616 707 2639 ,
743 2593 901 2645 quem
920 2578 1083 2644 epulo
1106 2578 1364 2629 celebrare
1383 2576 1660 2632 constitui.
1703 2581 1831 2632 Sub·

388 2649 634 2704 sistemus
678 2649 890 2703 fortaffe
925 2650 978 2701 ὅ(
1011 2649 1253 2718 sequenti
1283 2669 1297 2702 ι
1331 2650 1419 2702 sed
1465 2649 1619 2704 tanto
1662 2652 1829 2722 magis

389 2725 540 2778 viam
587 2722 755 2793 ipsam
804 2722 1193 2792 corripiemus„
1235 2725 1527 2794 Contingat
1565 2724 1737 2778 modo
1780 2740 1832 2777 te

390 2796 667 2866 filiamque
690 2813 835 2850 tuam
856 2798 1021 2850 fortes
1045 2796 1294 2849 invenire
1317 2801 1330 2850 ἔ
1358 2814 1480 2850 nam
1502 2797 1702 2851 hilares
1721 2816 1832 2852 cer·

396 2886 513 2931 tum
542 2870 616 2928 est
636 2909 652 2937 ,
677 2870 726 2926 si
754 2888 856 2927 nos
879 2869 1178 2927 incolumes
1197 2871 1527 2942 receperitis.
1544 2871 1728 2929 Vale.
