1951 3720
388 256 524 327 206
733 247 992 321 CAH
1053 249 1471 318 ΡιιΝιι

389 387 397 394 ’
456 378 542 429 Sic
578 376 809 427 hominum
836 374 1071 444 ingenium
1095 373 1230 441 fl‘ffi
1265 373 1462 440 ducique
1487 389 1580 439 per
1607 387 1732 424 mes
1800 369 1809 379 ”

530 452 649 503 Non
682 451 859 520 n'gidas
896 450 1036 499 άοᾶᾶ
1064 446 1335 497 mobilitate
1367 449 1523 498 decet.

380 573 566 641 Itaque
601 570 795 625 summi
836 583 1078 622 oratores
1118 608 1133 632 ,
1175 567 1371 621 summi
1410 567 1581 621 etiam
1608 567 1721 621 viri
1757 570 1821 625 sic

382 645 438 699 se
473 661 563 698 aut
602 646 917 698 exercebant
950 659 1042 694 aut
1074 642 1430 705 deleQabant,
1455 642 1631 695 immo
1659 645 1820 697 delec-

379 721 560 772 tabant
605 720 1046 785 exercebantque.
1119 718 1259 768 Nam
1297 717 1493 769 mirum
1541 715 1620 768 est
1653 732 1714 768 ut
1749 718 1822 770 his

382 794 654 862 opusculis
692 792 900 845 animus
940 792 1244 843 intendatur
1268 790 1701 859 remittaturque.
1736 793 1826 844 Re·

379 867 589 935 cipiunt
628 868 773 918 enim
823 882 1032 917 amores
1056 904 1070 928 ,
1113 865 1233 916 odia
1265 904 1280 928 ,
1340 864 1443 917 iras
1469 903 1485 928 ,
1528 864 1822 919 misericor-

380 940 522 992 diam
557 980 572 1003 ,
609 940 959 992 urbanitatem
992 979 1008 1002 ,
1059 938 1244 991 omnia
1293 938 1524 1007 denique
1556 978 1572 1003 ,
1618 957 1735 1007 quae
1776 939 1824 991 in

378 1013 495 1066 vita
517 1053 532 1077 ,
570 1029 728 1082 atque
765 1013 927 1066 etiam
965 1012 1026 1064 in
1052 1015 1176 1065 foro
1218 1012 1497 1081 causisque
1533 1013 1825 1069 versantur.

376 1086 516 1139 Inest
563 1085 647 1140 his
699 1103 915 1155 quoque
966 1087 1151 1139 eadem
1196 1104 1314 1170 quae
1356 1086 1474 1139 aliis
1514 1087 1824 1141 carminibus

377 1160 620 1224 utilitas,
648 1160 792 1230 quod
825 1159 991 1213 metri
1018 1160 1334 1213 necessitate
1366 1161 1645 1224 deviasti,
1667 1161 1825 1215 soluta

378 1235 628 1288 oratione
669 1237 948 1299 laetamur,
991 1235 1045 1286 δι
1082 1236 1227 1303 quod
1272 1235 1478 1288 facilius
1524 1234 1633 1288 effe
1685 1253 1825 1288 com·

379 1310 591 1377 paratio
653 1308 879 1362 ostendit
916 1347 932 1372 ,
986 1307 1241 1362 libentius
1296 1308 1595 1363 scribimus.
1662 1311 1824 1363 Habes

380 1386 534 1451 plura
581 1383 743 1436 etiam
781 1380 1029 1446 fortasse,
1072 1399 1232 1453 quam
1267 1383 1572 1452 requirebas
1614 1402 1631 1443 3
1671 1399 1824 1435 unum

381 1472 563 1510 tamen
601 1457 783 1511 omisi.
821 1458 949 1508 Non
980 1457 1127 1509 enim
1162 1457 1276 1508 dixi
1310 1474 1428 1526 quae
1450 1459 1678 1527 legenda
1700 1458 1823 1510 arbi·

379 1547 582 1590 trater·
573 1567 588 1591 ,
632 1547 953 1601 quamquam
995 1530 1150 1594 dixi,
1189 1548 1356 1600 quum
1402 1531 1673 1596 dicerem,
1721 1549 1824 1616 qua

381 1600 671 1659 scribenda.
734 1607 819 1658 Tu
865 1604 1176 1657 memineris
1215 1604 1296 1657 sui
1334 1605 1587 1675 cujusque
1628 1606 1826 1676 generis

383 1679 626 1733 melotes
665 1679 946 1749 diligenter
979 1679 1197 1748 eligere.
1233 1678 1400 1730 Aiunt
1436 1680 1620 1743 enim,
1645 1682 1826 1731 multum

383 1754 627 1823 legendum
660 1753 748 1821 effe
772 1788 787 1814 ‚
815 1772 912 1804 non
948 1755 1116 1804 multa.
1145 1753 1273 1819 {Qui
1297 1752 1406 1805 sint
1428 1754 1484 1805 hi
1505 1793 1521 1818 ,
1564 1756 1701 1807 adeo
1734 1771 1827 1807 no·

384 1841 499 1880 tum
532 1843 948 1898 promptumque
989 1826 1063 1880 est
1084 1867 1099 1892 ,
1135 1842 1196 1879 ut
1233 1826 1690 1882 demonstratione
1726 1844 1826 1881 non

383 1917 577 1970 egeat;
617 1904 669 1954 &
707 1902 948 1970 alioquin
988 1918 1097 1954 tam
1153 1901 1444 1954 immodice
1490 1903 1714 1970 epistola
1749 1919 1826 1955 me

385 1976 638 2039 extendi,
664 1991 724 2028 ut
746 1977 871 2027 dum
895 1976 1031 2040 tibi,
1056 1978 1506 2045 quemadmodum
1527 1976 1730 2029 studere
1751 1979 1825 2029 de·

384 2050 508 2100 beas
530 2089 545 2112 ,
577 2049 806 2112 suadeo,
843 2048 1079 2102 studendi
1104 2066 1315 2118 tempus
1339 2049 1660 2103 abstulerim.
1688 2050 1825 2116 Quin

383 2137 515 2191 ergo
557 2124 843 2193 pugillares
878 2124 1141 2189 resumis,
1176 2126 1231 2176 δι
1264 2124 1466 2192 aliquid
1504 2141 1577 2175 ex
1605 2124 1720 2189 his,
1742 2126 1824 2177 vel

384 2192 518 2249 istud
551 2196 767 2265 ipsum,
809 2198 954 2267 quod
988 2214 1264 2267 coeperas,
1301 2197 1509 2251 scribis.
1547 2199 1707 2252 Vale.

519 2316 592 2371 X.
648 2317 975 2371 Pznuus
1016 2318 1404 2372 MAcntno
1449 2332 1597 2371 suo
1639 2319 1694 2372 S.

463 2441 564 2514 Qui
594 2442 783 2492 taudem
809 2455 999 2493 eventus
1028 2438 1180 2507 fuerit
1214 2439 1411 2491 aelionis
1446 2440 1761 2508 Bithynorum

677 2555 847 2591 contra
872 2537 1128 2590 Varenum.
1172 2537 1295 2590 Vide
1311 2535 1458 2608 sapt-ci
1481 2538 1537 2590 6.

389 2613 651 2737 Qun&
694 2663 844 2731 ipse,
886 2679 1051 2731 quum
1092 2661 1263 2732 prima
1303 2661 1578 2733 cognovi,
1616 2658 1818 2732 jungere

386 2754 625 2791 extrema
662 2736 812 2806 quasi
850 2738 1029 2789 avulsa
1065 2738 1266 2804 cupio·,
1301 2751 1352 2790 te
1390 2754 1608 2806 quoque
1652 2736 1818 2788 existi-

387 2829 482 2864 mo
505 2814 646 2864 velle
672 2812 733 2863 de
758 2812 978 2863 Vareno
1011 2812 1063 2862 &
1093 2810 1343 2881 Bithynis
1366 2811 1568 2879 reliqua
1601 2809 1817 2879 cognos-

385 2902 522 2940 cere.
562 2885 690 2938 Asta
708 2885 856 2961 causa
874 2886 1001 2939 hinc
1031 2903 1060 2938 a
1084 2885 1345 2956 Polyaeno
1361 2925 1377 2950 ,
1404 2886 1527 2938 inde
1552 2901 1582 2936 a
1603 2882 1814 2953 MagnO.
