1951 3720
401 326 541 375 220
704 303 832 370 CA
869 319 979 370 ΙΙ
1055 302 1479 372 Ριι-ΝΙΙ

552 423 761 478 XXV.
799 424 1135 476 Fuluus
1176 424 1387 476 Rufo
1431 435 1582 475 suo
1625 421 1683 475 S.

405 545 618 600 Terentii
648 544 858 598 Iunior-is
891 545 942 594 in
988 535 1111 596 villa
1144 545 1342 595 latentis
1376 545 1612 615 ingenium
1633 581 1649 608 ,
1686 549 1835 606 artes,⁴

859 642 1070 692 dol-'itiner
1105 642 1381 692 laudantur.

401 735 495 826 O
544 779 872 829 QUANTUM
905 765 1238 828 eruditorum
1274 779 1364 817 aut
1405 762 1661 815 modestia
1705 763 1835 831 ipso-

395 859 513 893 rum
538 879 551 903 ,
590 856 679 891 aut
703 840 852 908 quies
876 839 1054 907 operit
1074 855 1132 890 ac
1156 838 1414 890 subtrahit
1435 838 1589 889 famae
1617 841 1627 888 !
1657 838 1727 886 At
1749 854 1833 887 nos

395 932 491 967 eos
523 914 731 965 tantum
769 911 957 964 disturi
983 911 1183 981 aliquid
1213 928 1302 963 aut
1332 909 1520 962 lecturi
1552 910 1833 971 timemus,

395 988 488 1056 qui
525 986 690 1037 studia
729 986 817 1037 sua
854 986 1173 1054 proferunt3
1207 1001 1372 1053 quum
1409 983 1492 1035 illi
1520 982 1615 1052 qui
1636 997 1833 1044 tacent,

395 1063 501 1112 hoc
554 1059 779 1128 amplius
829 1057 1073 1127 praest‘ent
1109 1097 1124 1120 ‚
1176 1056 1322 1126 quod
1362 1056 1659 1107 maximum
1714 1072 1834 1122 opus

397 1132 619 1186 silentio
644 1148 970 1184 reverentur.
1013 1134 1275 1199 Expertus
1296 1130 1465 1182 scribo
1488 1131 1635 1197 quod
1654 1128 1834 1180 scribo.

392 1207 678 1259 Terentius
718 1207 910 1260 Junior
939 1244 954 1267 ‚
1006 1203 1329 1272 equestribus
1368 1203 1583 1254 militiis
1619 1241 1634 1265 ‚
1692 1217 1834 1271 atque

396 1280 558 1333 etiam
598 1278 973 1349 procuratione
1017 1276 1380 1330 Narbonensis
1424 1275 1729 1345 provinciae
1762 1275 1834 1326 in-

371 1352 679 1422 ‘tegerrime
726 1351 971 1413 funerus,
1016 1350 1221 1418 recepit
1271 1351 1323 1403 se
1377 1349 1435 1401 in
1484 1366 1643 1419 agros
1683 1349 1833 1411 suos,

396 1425 693 1494 paratisque
751 1424 1050 1476 honoribus
1106 1423 1609 1494 tranquillissimum
1675 1422 1833 1474 otium

397 1497 650 1567 praetulit.
700 1498 856 1549 Hunc
893 1514 996 1567 ego
1035 1497 1290 1549 invitatus
1326 1496 1564 1563 hospitio
1588 1536 1603 1559 ‚
1645 1511 1709 1546 ut
1748 1498 1832 1546 bo-

399 1589 531 1624 num
567 1587 770 1641 patrem
808 1570 1022 1622 familiae
1049 1610 1064 1633 ‚
1114 1586 1172 1622 ut
1210 1570 1518 1639 diligentem
1560 1569 1833 1638 agricolam

400 1646 641 1697 intuebar
659 1684 674 1707 ‚
694 1645 756 1695 de
786 1644 871 1695 his
907 1646 1182 1696 locuturus
1205 1684 1219 1708 ,
1254 1644 1310 1695 in
1340 1644 1530 1711 quibus
1551 1642 1710 1694 illum
1732 1660 1834 1694 ver·

401 1719 502 1771 sati
533 1719 816 1787 putabam3
858 1718 910 1769 &
947 1733 1214 1785 coeperam
1241 1757 1256 1781 ‚
1284 1734 1448 1786 quum
1474 1716 1564 1768 ille
1589 1733 1678 1767 me
1720 1717 1836 1767 doc·

402 1793 617 1844 tissimo
649 1791 891 1842 sermone
916 1791 1193 1842 revocavit
1215 1793 1278 1842 ad
1299 1789 1480 1841 studia.
1508 1788 1688 1855 Quam
1716 1789 1835 1841 tersa

400 1866 583 1918 omnia
614 1870 624 1917 !
666 1864 823 1933 quam
859 1864 1045 1916 Latina
1073 1869 1084 1918 Ξ
1120 1863 1278 1934 quam
1310 1863 1530 1917 Graeca!
1568 1866 1708 1915 Nam
1738 1880 1831 1915 tan·

401 1955 516 1990 tum
553 1937 773 2006 utraque
803 1938 986 2007 lingua
1007 1941 1182 2000 valet,
1214 1954 1272 1991 ut
1306 1938 1367 1990 ea
1405 1936 1574 2009 magis
1603 1937 1831 1989 videatur

399 2014 660 2065 excellere
677 2051 691 2074 ‚
709 2010 810 2080 qua
835 2029 998 2080 quum
1020 2011 1254 2064 maxime
1274 2012 1532 2080 loquitur.
1569 2012 1829 2077 Quantum

402 2087 491 2138 ille
524 2085 655 2157 legit
684 2089 695 2138 ἵ
731 2100 985 2153 quantum
1025 2091 1208 2139 tenet!
1250 2085 1472 2138 Athenis
1509 2084 1703 2137 vivere
1743 2086 1829 2135 ho·

404 2158 605 2210 minem
628 2197 642 2221 ,
671 2174 783 2209 non
802 2157 858 2208 in
877 2159 1009 2210 villa
1040 2175 1212 2226 putes.
1247 2159 1393 2225 Quid
1427 2160 1642 2211 multa?
1680 2157 1831 2209 Auxit

405 2231 821 2284 sollicitudinem
858 2249 1029 2283 meam
1056 2271 1070 2295 ‚
1114 2231 1396 2300 effecitque
1427 2246 1487 2283 ut
1523 2231 1634 2285 illis
1658 2272 1673 2295 ‚
1712 2247 1828 2299 quos

404 2305 744 2357 doctissimos
782 2304 956 2368 novi,
992 2322 1104 2357 non
1149 2306 1324 2359 minus
1364 2307 1465 2358 hos
1514 2305 1752 2356 seduCtos
1786 2304 1828 2355 ὅ(

404 2378 555 2447 quasi
598 2377 819 2430 rusticos
859 2396 1062 2431 verear.
1112 2381 1257 2431 Idem
1306 2380 1497 2431 suadeo
1545 2378 1666 2430 tibi.
1715 2379 1828 2430 Sunt

409 2452 556 2504 enim
588 2467 645 2502 ut
677 2451 733 2501 in
763 2452 939 2504 castris
970 2492 986 2516 ,
1028 2452 1103 2504 sic
1132 2453 1292 2505 etiam
1332 2452 1391 2505 in
1422 2452 1618 2504 litteris
1656 2451 1826 2503 nostris

402 2528 578 2593 plures
616 2526 761 2577 cultu
789 2542 995 2594 pagano
1020 2565 1035 2587 ‚
1071 2543 1207 2594 quos
1243 2525 1446 2587 cinctos
1482 2526 1536 2577 &
1577 2539 1826 2583 armatos,

405 2599 459 2650 ὃ(
490 2599 700 2667 quidem
721 2598 1096 2652 ardentissimo
1118 2599 1368 2671 ingenie,
1402 2599 1688 2670 diligenter
1706 2598 1824 2650 scru-

403 2686 541 2726 tatus
578 2671 844 2725 invenies,
882 2672 1063 2728 Va1e0‘
