1951 3720
352 332 445 426 96
694 332 960 401 Cart
1024 329 1455 398 PL1N11

345 454 440 506 sub
473 452 634 506 unius
666 451 886 505 arbitrio
908 490 925 514 ‚
968 451 1061 521 qui
1109 467 1210 518 pro
1244 449 1475 503 utilitate
1516 447 1808 503 communi

346 526 490 578 solus
534 528 778 579 omnium
829 543 980 578 curas
1019 525 1327 592 laboresque
1365 524 1592 591 suscepit
1626 542 1638 575 ε
1677 524 1812 591 qui-

346 601 467 651 dam
498 615 678 651 tamen
701 638 715 661 ‚
745 599 935 650 salubri
961 611 1384 665 temperamento
1407 636 1421 659 ‚
1455 599 1518 648 ad
1537 613 1638 648 nos
1669 612 1814 664 quo·

347 688 451 740 que
487 676 639 724 velut
661 671 766 723 rivi
800 689 870 724 ex
891 670 989 722 illo
1012 669 1403 739 benignissimo
1439 670 1591 721 fonte
1614 671 1818 721 decur-

345 759 470 797 runt
493 784 507 807 ‚
541 762 677 812 quos
703 746 756 796 &
790 746 999 796 haurire
1026 744 1134 811 ipsi
1161 781 1176 805 ,
1206 743 1258 794 &
1292 742 1590 794 absentibus
1613 740 1814 793 amicis

347 818 498 887 quasi
520 817 812 870 ministrare
835 816 1076 886 epistolis
1099 815 1395 884 postumus,
1428 816 1587 870 Vale.

492 938 667 993 XXI.
710 937 1032 989 Pru-uus
1072 936 1363 992 Pnrsco
1406 948 1552 987 suo
1592 936 1649 987 S.

347 1058 539 1110 Laudat
564 1059 847 1109 Martialem
867 1056 979 1125 fato
1003 1055 1243 1122 flandum,
1280 1072 1410 1123 quem
1426 1053 1730 1123 secedentem
1754 1061 1811 1109 in

472 1152 680 1219 patriam
714 1150 936 1201 Bilbilim
963 1150 1141 1201 viatico
1170 1147 1443 1218 prosecutus
1467 1148 1654 1215 fizerat.

351 1262 666 1358 Aunto
710 1301 992 1354 Valerium
1035 1302 1338 1353 Martialem
1380 1300 1657 1355 decessifle
1694 1343 1710 1367 ,
1762 1305 1816 1358 &-

346 1374 568 1430 moleste
612 1376 745 1427 fero.
802 1375 923 1425 Erat
958 1376 1128 1427 homo
1166 1374 1475 1444 ingeniosus
1503 1415 1518 1438 ‚
1557 1392 1761 1430 acutus
1798 1417 1815 1442 ,

347 1466 469 1502 acer
492 1488 507 1511 ‚
535 1449 588 1500 δι
613 1448 705 1517 qui
740 1448 1027 1516 plurimum
1059 1447 1116 1499 in
1152 1449 1430 1500 scribendo
1465 1450 1518 1500 &
1555 1448 1682 1501 salis
1710 1452 1814 1503 ha-

347 1525 495 1575 beret
528 1523 581 1573 &
617 1521 759 1573 fellis
782 1559 797 1585 ‚
836 1538 934 1574 nec
977 1521 1221 1573 candoris
1246 1521 1445 1573 minus,
1482 1522 1813 1576 Prosecutus

349 1612 495 1650 eram
536 1594 742 1647 viatico
780 1596 1127 1646 secedentem.
1169 1596 1435 1646 Dederam
1469 1588 1577 1646 hoc
1616 1596 1818 1650 amici-

348 1669 438 1722 tiae
460 1709 476 1733 ,
506 1670 748 1720 dederam
772 1667 935 1720 etiam
957 1667 1244 1720 versiculis
1274 1684 1411 1735 quos
1443 1670 1506 1719 de
1540 1681 1627 1721 me
1649 1686 1815 1722 com·

348 1742 549 1810 posuit.
587 1740 709 1792 Fuit
740 1742 907 1792 moris
949 1741 1192 1809 antiqui,
1232 1756 1328 1792 cos·
1353 1740 1448 1808 qui
1482 1744 1571 1793 vel
1612 1742 1816 1813 singu-

348 1818 527 1869 lorum
556 1816 735 1868 laudes
761 1853 777 1879 ,
815 1816 904 1868 vel
933 1814 1144 1867 urbium
1187 1812 1499 1882 scripserant
1519 1852 1533 1878 ‚
1573 1830 1669 1868 aut
1705 1818 1814 1869 ho-

349 1889 571 1947 noribus
613 1903 703 1940 aut
738 1888 963 1956 pecunia
1002 1905 1223 1940 ornare:
1248 1888 1439 1940 nostris
1481 1887 1619 1942 vero
1663 1905 1814 1943 tem-

349 1963 568 2030 poribus
594 2001 610 2025 ,
652 1976 712 2013 ut
750 1962 852 2013 alia
906 1961 1143 2028 speciosa
1186 1962 1238 2012 δε
1282 1961 1491 2031 egregia
1523 2001 1537 2024 ‚
1577 1962 1653 2014 ita
1702 1965 1816 2017 hoe

351 2035 618 2104 inprimis
649 2034 911 2086 exolevit.
953 2036 1090 2085 Nam
1116 2033 1388 2102 postquam
1424 2034 1689 2088 desiimus
1734 2039 1814 2091 fa-

350 2125 470 2161 cere
503 2109 755 2161 laudanda
792 2147 807 2170 ‚
858 2108 1056 2159 laudari
1089 2124 1306 2176 quoque
1354 2107 1596 2175 ineptum
1648 2127 1816 2176 puta·

353 2199 489 2233 mus,
535 2180 748 2246 Quaeris
773 2179 867 2248 qui
891 2181 1002 2231 sint
1023 2180 1278 2232 versiculi
1299 2220 1314 2243 ,
1341 2181 1531 2248 quibus
1570 2183 1811 2249 gratiam

353 2255 671 2306 retulerim?
712 2252 1061 2313 Remitterem
1099 2268 1150 2304 te
1182 2248 1247 2305 ad
1278 2253 1452 2321 ipsum
1489 2258 1768 2307 volumen
1795 2297 1810 2321 ‚

354 2327 458 2379 nisi
508 2326 762 2396 quosdam
802 2340 1057 2381 tenerem.
1104 2328 1188 2377 Tu
1212 2365 1227 2389 ,
1270 2326 1318 2379 si
1366 2326 1667 2395 placuerint
1709 2329 1807 2394 hi,

353 2416 559 2453 ceteros
600 2399 658 2450 in
696 2399 836 2451 libro
873 2400 1130 2468 requires,
1183 2399 1491 2468 Alloquitur
1539 2401 1765 2452 Musam
1793 2441 1808 2466 ,

353 2475 564 2527 mandat
608 2486 670 2523 ut
710 2473 929 2524 domum
963 2490 1138 2526 meam
1174 2472 1234 2524 in
1270 2473 1522 2542 Esquiliis
1558 2490 1808 2544 quaerat,

354 2549 503 2599 adeat
544 2560 851 2597 reverenter
877 2565 891 2598 z

429 2643 530 2692 Sed
551 2660 608 2693 ne
635 2658 840 2710 tempore
864 2661 957 2692 non
986 2658 1066 2693 tuo
1099 2640 1319 2710 disertam

430 2711 599 2781 Pulses
634 2715 764 2765 ebria
778 2716 973 2784 januam
999 2751 1013 2774 ‚
1046 2718 1227 2767 videto.

433 2783 584 2839 Totos
623 2790 706 2838 dat
734 2790 909 2841 tetricae
947 2792 1047 2840 dies
1084 2791 1318 2841 Minerva
1340 2824 1358 2850 ,

431 2863 566 2912 Dum
598 2877 777 2911 centum
800 2864 959 2924 studet
997 2863 1182 2914 auribus
1208 2865 1412 2917 virorum

432 2934 544 2985 Hoc
575 2937 698 3003 quod
718 2932 884 3004 J‘ecula
908 2937 1174 3006 posterique
1194 2942 1382 3005 possint

1048 3006 1049 3009 ¹
1598 3010 1811 3080 Arpinis
