1951 3720
428 236 619 305 ΕΡΙ
644 253 686 304 s
715 252 835 305 To
859 252 1012 306 ωε.
1039 221 1334 309 LibNI‘.
1455 235 1585 333 183

139 354 392 427 aliosque
415 359 589 410 aetatis
618 357 850 421 ejusdem
883 362 1181 412 aemulatus.
1226 353 1373 413 Licet
1393 362 1486 413 has
1506 362 1599 413 in-

138 446 218 483 ter
239 432 519 484 Plautinas
542 432 989 501 Terentianasque
1008 451 1273 486 numeres.
1317 436 1471 487 Nunc
1490 435 1600 503 pri·

141 505 285 557 mum
320 507 380 557 se
403 506 465 557 in
492 521 676 557 vetere
717 510 983 557 comoedia
1009 546 1024 570 ,
1064 509 1152 559 sed
1189 523 1300 559 non
1325 508 1626 575 tamquams

144 576 408 647 inciperet
429 619 444 643 ,
472 578 722 631 ostendit.
758 581 887 631 Non
911 580 991 632 illi
1012 581 1130 644 vis,
1155 597 1267 632 non
1288 581 1553 649 granditas
1584 620 1604 648 ,

143 668 249 703 non
292 653 601 717 subtilitas,
643 669 758 705 non
798 654 1094 705 amaritudo
1115 692 1132 715 ‚
1176 670 1288 705 non
1329 656 1554 706 dulcedo
1579 692 1604 718 ,

144 740 250 776 non
292 728 462 795 kepos
496 726 679 779 demit.
731 726 964 778 Ornavit
1003 727 1232 778 virtutes
1253 766 1268 790 ‚
1308 726 1600 779 inseaatus

146 798 213 849 est
238 799 385 851 vitia
407 820 427 851 τ
456 799 596 851 ίὶἃίς
627 800 934 851 nominibus
968 802 1216 852 decenter
1240 839 1255 864 ,
1286 799 1433 851 veris
1469 801 1597 852 ufus

144 870 213 923 est
254 871 403 940 apte.
463 874 617 925 Circa
665 889 751 924 me
798 872 1005 925 tantum
1045 873 1372 943 benignitate
1427 872 1595 925 nimia

149 948 364 997 modum
395 948 635 998 excessit
655 985 670 1009 ,
697 945 803 998 nisi
839 945 985 1014 quod
1020 961 1196 998 tamen
1220 946 1397 1015 poetis
1438 963 1598 997 men-

147 1017 228 1069 tiri
265 1020 420 1073 licet.
471 1022 533 1071 In
577 1020 780 1070 summa
811 1056 826 1082 ‚
863 1022 1203 1087 extorquebo
1247 1021 1299 1070 ei
1347 1020 1543 1071 librum
1577 1057 1603 1083 ,

148 1092 535 1161 legendumque
555 1132 572 1155 ,
614 1094 784 1143 immo
836 1093 1173 1144 ediscendum
1224 1092 1432 1144 mittam
1475 1091 1603 1145 tibi-

149 1166 326 1233 Neque
359 1167 511 1218 enim
544 1167 727 1218 dubito
758 1166 993 1217 futurum
1016 1181 1076 1217 ut
1106 1181 1221 1217 non
1241 1168 1477 1234 deponas
1498 1203 1513 1228 ,
1548 1164 1602 1216 si

149 1238 298 1291 semel
336 1240 650 1308 sumpseris.
694 1241 849 1293 Vale.

247 1359 464 1412 XXII.
509 1360 842 1411 Primus
881 1360 1183 1412 Trnonr
1226 1374 1374 1413 suo
1415 1362 1471 1415 S.

218 1456 453 1508 Iudicium
481 1455 675 1524 Caesaris
701 1456 1004 1507 Bruttianum
1031 1458 1155 1507 inter
1180 1458 1225 1508 G·
1259 1457 1537 1508 Atticinum*

618 1553 747 1618 hujus
776 1550 1121 1620 accusatorem,

154 1638 259 1731 M
278 1689 320 1727 A
337 1690 381 1729 G
399 1690 439 1727 Ν
456 1689 498 1727 A
530 1693 616 1728 res
650 1674 764 1727 atla
783 1673 857 1726 est
877 1675 1125 1726 omnium
1148 1709 1163 1733 ‚
1190 1673 1282 1742 qui
1318 1675 1441 1727 sunt
1464 1693 1608 1744 pro-

151 1748 338 1802 vinciis
371 1749 647 1817 ptaefuturi
672 1789 689 1810 ,
736 1764 927 1817 magna
967 1748 1214 1800 omnium
1247 1748 1340 1816 qui
1382 1750 1435 1801 se
1473 1750 1599 1802 sim-

151 1823 357 1891 pliciter
415 1826 635 1876 credunt
690 1821 902 1874 amicis¹
971 1820 1234 1873 Lustricus
1284 1821 1598 1877 Bruttianus·

155 1892 308 1964 quuni
344 1899 672 1949 Montanum
715 1895 1013 1949 Atticinum
1057 1896 1311 1947 comitem
1347 1896 1499 1948 suum
1538 1898 1601 1948 in

154 1971 326 2022 multis
364 1971 585 2041 flagitiis
621 1967 1076 2038 deprehendiss‘et,
1124 1970 1315 2021 Caesari
1358 1969 1605 2038 scripsit..

153 2044 411 2096 Atticinus
447 2043 663 2113 flagitiis
711 2042 942 2106 addidit,
973 2055 1035 2093 ut
1076 2059 1236 2110 quem
1274 2045 1551 2110 deceperat
1575 2083 1599 2107 ,

157 2119 426 2171 accusaret.
465 2119 697 2184 Recepta
720 2114 963 2185 cognitio
994 2113 1095 2167 est:
1118 2115 1194 2167 fui
1227 2115 1285 2166 in
1318 2116 1554 2168 consilio
1575 2135 1603 2176 ςΔ

156 2190 255 2258 egit
288 2206 518 2260 uterque
558 2207 661 2259 pro
699 2189 753 2242 se
791 2228 805 2251 ‚
859 2189 971 2259 egit
1012 2202 1186 2240 autem
1226 2189 1451 2256 carptim
1476 2229 1490 2253 ‚
1539 2191 1593 2242 δι

156 2264 289 2324 κατὰ
313 2267 590 2334 κεφάλαια
615 2303 628 2326 ,
655 2280 763 2331 quo
788 2277 980 2331 genere
996 2262 1207 2314 veritas
1225 2263 1397 2314 statim
1418 2262 1599 2316 osten-

156 2342 302 2395 ditur.
359 2344 592 2396 Protulit
640 2343 943 2395 Bruttianus
980 2342 1344 2407 testamentum
1386 2342 1537 2396 suum
1572 2386 1589 2409 ‚

157 2419 290 2484 quod
319 2417 548 2470 Atticini
585 2434 744 2468 manu
777 2416 1029 2484 scriptum
1068 2415 1171 2467 effe
1204 2416 1426 2469 dicebat.
1467 2419 1601 2472 Hoc*

156 2490 294 2542 enim
334 2490 387 2542 ὃ(
425 2507 610 2542 arcana
642 2489 971 2542 familiaritas
994 2529 1008 2549 ,
1049 2489 1101 2540 ἃ
1131 2491 1382 2556 querendi
1419 2492 1482 2543 de
1520 2508 1602 2543 eo·

155 2579 306 2631 quem
325 2564 403 2615 sic
433 2563 644 2615 amaffet
668 2563 952 2635 necessitas
981 2563 1316 2615 indicabatur.
1361 2565 1591 2615 Enume-

158 2638 287 2688 ravit
316 2637 539 2689 crimina
561 2639 696 2690 foeda
718 2635 1108 2705 manifestaque.
1129 2636 1223 2688 lue
1243 2653 1406 2705 quum
1427 2637 1599 2688 dilue·
1654 2696 1659 2701 ¹

157 2726 208 2760 re
243 2727 354 2761 non
392 2709 596 2778 poffet,
636 2709 710 2762 ita
740 2706 958 2762 recessit
981 2749 996 2773 ,
1036 2723 1095 2761 ut
1129 2712 1252 2760 dum
1289 2709 1588 2762 defenditur

158 2784 354 2851 turpis3
389 2787 510 2835 dum
542 2784 748 2836 accusat
773 2784 1053 2834 sceleratus
1090 2785 1414 2849 probaretur.
1458 2785 1595 2834 Cora-

159 2872 310 2922 rupto
332 2857 475 2910 enim
507 2858 687 2911 scribae
708 2857 868 2910 servo
888 2895 904 2921 ,
942 2855 1294 2924 interceperat
1315 2871 1595 2908 commem»
