1951 3720
432 309 569 388 502
808 312 813 316 ·
947 296 1345 369 Norat

424 419 530 460 tore
546 442 563 465 .
605 408 760 462 aut-iis
777 441 793 466 2
830 409 995 486 quibus
1018 415 1111 465 hoc
1133 412 1290 465 datum
1316 413 1375 466 ab
1407 414 1694 481 imperatore
1712 450 1727 472 ‚
1753 420 1853 469 ebn-

423 473 565 529 cell‘as
587 513 602 537 ,
635 489 749 541 quas
779 489 858 542 qur
879 477 1236 542 impetraverat,
1281 479 1495 532 utebatur
1518 481 1652 547 equis
1675 483 1726 532 &
1744 484 1857 533 vehi-

425 539 538 590 culis
562 577 576 600 ,
617 553 714 605 quae
753 555 834 606 per
868 541 1103 594 intervalla
1142 543 1358 596 locorum
1393 544 1654 613 disposita,
1693 547 1855 613 publice

420 602 743 670 praebebantur
765 603 822 655 ad
841 606 1041 659 cursum.

493 666 626 719 XVI.
679 667 735 717 In
763 669 986 731 statione.
1039 670 1243 736 Intellige
1283 673 1544 726 custodiam
1586 674 1819 728 militarem
1844 713 1862 742 ,

420 730 500 783 -seu
529 733 782 797 praesidium
819 734 1107 787 Nicomediae
1138 738 1422 799 impositum.
1827 744 1830 749 '

489 795 689 846 Laberio
712 797 951 852 Maximo.
982 800 1115 852 Hunc
1148 803 1257 852 olim
1281 803 1560 856 Domitiano
1590 804 1856 870 suspestum‚

423 860 476 913 δι
500 862 546 912 in
580 862 713 913 insula
748 864 1025 917 exsulantem
1055 866 1280 930 Traianus
1309 883 1401 919 non
1435 867 1555 921 laesit
1578 906 1591 928 ,
1617 871 1857 936 quamvisa

421 927 650 979 nonnullis
689 927 982 985 admonitus,
1027 941 1076 982 ut
1112 931 1198 982 sibi
1232 933 1291 983 ab
1326 947 1387 984 eo
1424 945 1639 987 caveret.
1673 933 1857 1002 Suffigas

421 990 657 1056 praefeflus
691 993 772 1044 fuit
805 993 1020 1046 Decibali
1059 997 1181 1060 regis
1208 997 1465 1050 Dacorum.

494 1055 754 1109 Globulum.
773 1096 788 1111 .
812 1096 827 1111 .
854 1077 912 1113 tx
932 1059 1172 1110 Parthicis
1190 1063 1411 1115 metallis.
1439 1063 1669 1131 Exiguam
1689 1063 1857 1131 glebam

422 1121 518 1171 auri
554 1123 682 1173 crudi
733 1123 784 1174 &
829 1124 1034 1176 nondum
1088 1127 1308 1188 εκεοέὶί,
1349 1143 1377 1180 e
1412 1128 1587 1180 fodinis
1629 1129 1858 1185 Parthicis.

417 1184 822 1254 Aposphragisma.
851 1189 961 1240 Vox
984 1190 1149 1242 Graeca
1167 1228 1182 1252 ,
1222 1194 1396 1260 signum
1426 1192 1572 1244 inscul
1609 1206 1728 1246 tum.

488 1250 670 1302 XVIII.
701 1251 965 1315 Instruilum
984 1256 1261 1306 commilitio
1278 1273 1376 1309 tuo.
1408 1260 1539 1325 Quia
1575 1262 1641 1311 ub
1664 1271 1710 1312 te
1732 1260 1859 1326 impe-

419 1326 577 1367 ratore
597 1320 779 1370 meruit.

483 1381 676 1430 Milites
700 1382 745 1430 6·
766 1385 961 1450 pagani.
1002 1382 1180 1436 Passim
1215 1386 1332 1437 inter
1350 1387 1395 1439 se
1418 1399 1743 1454 opponuntur.

485 1444 624 1496 XIX.
659 1445 1026 1513 Primipilarem.
1066 1447 1202 1501 Primi
1234 1452 1402 1503 ordinis
1422 1453 1689 1504 triariorum
1711 1463 1853 1506 centu·

413 1509 597 1562 tionem
617 1543 634 1566 ‚
668 1511 797 1564 cuius
835 1528 906 1564 ma
970 1529 997 1567 a
1032 1527 1130 1566 erat
1161 1515 1379 1583 dignatio,
1414 1517 1522 1570 Nec
1555 1518 1716 1570 obstat
1741 1517 1850 1585 quod

417 1572 594 1626 dicatur
638 1575 760 1629 fuzffe
830 1528 1035 1693 νῗβὲἱω
1073 1583 1299 1634 cohortis.
1337 1582 1620 1649 Vide'apud
1655 1584 1852 1635 Tacitum

418 1640 544 1692 Anu.
573 1654 626 1704 13
653 1680 667 1701 ‚
706 1655 738 1705 9
781 1597 831 1693 g
903 1643 969 1695 ist.
998 1657 1051 1708 3,
1080 1645 1132 1697 6.
1167 1645 1226 1698 de
1261 1647 1397 1698 Arrio
1430 1647 1561 1700 Varo
1586 1686 1605 1712 ,
1639 1649 1724 1715 qui
1753 1664 1854 1715 prae-

419 1703 563 1756 iefius
588 1707 782 1772 primum
803 1746 816 1771 ‚
861 1709 912 1759 &
934 1708 1099 1762 deinde
1122 1712 1386 1778 primipilus.

488 1769 553 1818 Ut
589 1788 734 1825 nze...
760 1772 973 1823 consilio
1014 1775 1268 1837 instrueret.
1317 1776 1380 1828 Ut
1422 1776 1538 1828 mihi
1566 1777 1620 1828 in
1662 1775 1851 1845 Bithynia

411 1830 676 1900 jus'dicenti
699 1836 960 1898 adsideret,
991 1839 1099 1891 effet
1122 1842 1228 1892 mihi
1246 1842 1288 1892 in
1311 1841 1531 1895 consilio.

481 1901 864 1959 Necessitudines
902 1902 1194 1972 Propinquos
1215 1906 1312 1972 ejus
1332 1909 1383 1959 &
1402 1908 1678 1962 familiares.

480 1965 800 2031 Suffidurum.
858 1968 1066 2020 Tuendae
1105 1972 1380 2040 cuicumque
1419 1973 1637 2040 dignitati
1668 2008 1689 2036 ,
1733 1988 1850 2043 quam

417 2028 698 2097 indulgenti&
722 2034 797 2083 tua
823 2034 1099 2086 consecutus
1120 2036 1253 2088 fuerit
1274 2072 1291 2093 ‚
1324 2054 1480 2103 parem
1501 2039 1735 2092 futurum.

481 2095 642 2145 Meum
677 2100 896 2163 gaudium
923 2136 938 2157 ,
969 2116 1070 2149 mea
1089 2102 1345 2167 gratulatio
1364 2104 1471 2170 filii
1498 2104 1683 2156 honore
1718 2108 1850 2156 conti·

413 2174 562 2210 netur.
598 2162 672 2213 Sic
702 2163 828 2227 prior
857 2164 1002 2215 editio
1032 2164 1243 2219 Catanei.
1276 2166 1517 2219 Nonnullae
1536 2184 1631 2235 pro
1645 2174 1849 2220 comine-

414 2239 492 2273 τω·
519 2225 688 2278 habent
720 2232 1027 2282 continuetur.
1054 2230 1164 2280 Non
1198 2246 1389 2298 paucae,
1423 2251 1573 2282 meam
1603 2239 1848 2301 gaudium,

412 2305 563 2339 meam
577 2292 936 2358 gratulationem
951 2295 1056 2361 fisii
1076 2296 1272 2347 honores
1310 2302 1586 2348 continuent
1604 2337 1622 2359 ‚
1656 2313 1737 2351 aut
1756 2318 1849 2348 con·

415 2357 632 2406 tinerent.
664 2357 716 2408 ln
739 2359 806 2409 his
829 2362 1109 2411 venustatem
1131 2359 1372 2413 Plinianam
1396 2363 1552 2414 frustra
1578 2367 1827 2430 quaes³eris.

481 2421 590 2470 XX.
612 2420 904 2490 Indulgent-‘a
924 2426 1082 2487 vestra.
1106 2424 1173 2476 Ita
1197 2438 1378 2479 veteres
1398 2428 1527 2480 editi.
1550 2429 1851 2481 Recentiores

409 2482 752 2538 dederunttua.
773 2488 865 2540 Sed
889 2490 994 2541 nihil
1016 2491 1296 2544 mutandum.
1327 2492 1392 2543 Ex
1412 2493 1481 2543 his
1502 2495 1714 2547 vocibus
1736 2495 1853 2547 colli-
1923 2507 1924 2514 ¹

409 2551 560 2621 gimus
591 2551 895 2616 przrfesturam
915 2556 1055 2605 aerarii
1076 2554 1221 2608 Plinio
1243 2556 1394 2609 datam
1414 2572 1442 2609 a
1463 2558 1629 2611 Nerva
1658 2560 1848 2631 &,‚Tra-

414 2628 526 2679 jano
553 2651 566 2674 ,
601 2616 703 2681 post
722 2619 819 2676 eius
843 2619 1161 2686 adoptionem.

479 2678 817 2741 Praet'eauram.
852 2686 1010 2751 Quam
1045 2687 1185 2751 gessit
1207 2701 1290 2753 per
1319 2686 1556 2741 biennium
1593 2703 1709 2743 cum
1743 2690 1849 2742 Cor-

409 2757 528 2796 nuto
547 2747 754 2799 Tertullo
776 2748 896 2800 colle
931 2765 974 2801 a.
994 2749 1115 2802 Vide
1139 2764 1163 2814 3
1187 2791 1201 2812 ‚
1228 2767 1280 2813 4.

483 2811 530 2859 Ο
561 2813 736 2877 taffem.
757 2813 879 2881 Elegi
914 2825 1006 2866 ent.
1038 2816 1157 2867 Vide
1176 2831 1207 2867 2
1226 2852 1240 2876 ‚
1278 2832 1357 2871 11.

537 2880 694 2930 omina
724 2878 877 2943 nostra
904 2884 958 2931 iu
988 2879 1152 2934 amam
1180 2882 1374 2949 conjici.
1428 2882 1547 2938 Haec
1583 2885 1736 2939 verba
1763 2899 1849 2939 non
