1951 3720
388 322 530 394 390
693 298 1603 369 PANEGYnzcv-s·

384 436 551 490 ptus,
573 420 728 474 heres
772 438 848 474 es.
893 422 1022 472 Non
1065 435 1123 472 tu
1156 419 1343 483 falsis,
1384 436 1497 471 non
1531 432 1587 471 ιιι
1618 414 1780 487 iniquis

386 494 581 547 tabulis
616 493 913 548 advocatis.
951 494 1167 546 Nullius
1200 496 1265 546 ad
1299 509 1352 546 te
1385 491 1676 556 iracundia
1691 495 1782 544 nul·
1866 490 1867 559 j

385 566 493 619 lius
531 567 815 636 impietas,
858 568 1056 620 nullius
1088 569 1236 620 furor
1274 567 1550 636 confugit·,
1577 581 1665 618 nec
1691 565 1786 633 quia
1866 576 1867 583 ¹

391 638 620 693 offendit
642 642 776 694 alius
805 640 1165 710 nuncuparis,
1186 642 1274 693 sed
1297 641 1423 709 quia
1442 641 1552 708 ipse
1577 637 1786 693 meruisti.
1866 638 1867 679 ἓ

356 735 359 739 ’
390 713 648 767 Scriberis
680 717 743 767 ab
782 714 1016 779 amicis,
1053 717 1116 767 ab
1153 715 1354 784 ignotis
1400 711 1789 782 praeterii-ismi-

392 786 579 856 hiique
626 787 766 840 inter
815 789 1085 856 privatum
1133 789 1186 840 δι
1233 788 1537 855 Principem
1576 783 1790 847 interest,
1866 780 1867 795 ¹

392 860 502 913 nisi
530 858 676 930 quod
706 878 847 914 nunc
881 879 910 914 a
939 861 1179 930 pluribus
1209 862 1436 912 amaris·
1427 895 1442 919 ‚
1477 877 1595 914 nam
1627 860 1673 910 δι
1702 860 1792 925 plu·

391 950 480 989 res
518 949 680 987 amas-
713 935 901 999 Tene,
937 935 1144 999 Caesar,
1172 935 1314 987 hunc
1343 935 1593 996 cursum,
1615 934 1662 984 &
1695 947 1795 998 pro·
1866 950 1867 981 ÷

391 1005 604 1059 habitur
625 1008 1037 1076 experimento,
1063 1009 1203 1061 sitne
1240 1008 1468 1061 feracius
1505 1007 1559 1059 ὅ(
1589 1004 1795 1067 uberius,

391 1097 511 1133 non
545 1082 611 1134 ad
644 1083 852 1134 laudem
891 1081 1056 1135 modo
1088 1121 1106 1146 ,
1142 1083 1233 1134 sed
1270 1083 1336 1134 ad
1370 1079 1647 1149 pecuniam
1677 1078 1796 1130 Prin-

395 1153 545 1221 cipi,
568 1153 616 1206 si
644 1158 835 1208 herede
871 1156 969 1208 illo
1003 1155 1147 1208 mori
1176 1155 1429 1208 homines
1460 1148 1798 1220 velint‚quzim

397 1225 446 1278 si
484 1244 759 1297 cogantur.
798 1228 1046 1281 Donavit
1079 1244 1229 1296 pater
1262 1244 1384 1281 tuus
1424 1230 1623 1290 multa,
1648 1221 1799 1291 &ipse

398 1301 641 1354 donasti.
671 1300 876 1355 cefferit
914 1319 1102 1370 parum
1148 1317 1362 1371 gratus
1351 1337 1368 1362 ‚
1410 1314 1626 1353 manent
1661 1311 1798 1349 tamen

398 1371 442 1424 ii
465 1374 597 1443 ,qui
632 1373 792 1427 bonis
822 1372 936 1440 ejus
972 1374 1251 1439 fruantur,
1283 1374 1529 1442 nihilque
1564 1370 1738 1425 exiliis
1754 1368 1801 1420 ad

399 1460 454 1497 te
493 1446 602 1499 nisi
644 1446 816 1516 gloria
857 1449 1045 1500 redit:
1089 1465 1210 1500 nam
1249 1448 1621 1500 liberalitatem
1653 1442 1799 1510 jucun·

399 1518 608 1572 dior-em
640 1520 849 1572 debitor
877 1536 1093 1590 gratus,
1117 1519 1397 1574 clariorem
1438 1520 1665 1602 ingratus
1690 1513 1802 1569 facit.

401 1592 506 1645 sed
543 1591 662 1662 quis
698 1607 821 1646 ante
856 1609 910 1646 te
942 1582 1154 1647 laudem
1192 1593 1340 1646 istam
1375 1591 1622 1661 pecuniae
1648 1603 1802 1658 praetu·

399 1664 468 1717 lit
500 1668 520 1719 ἒ
557 1666 977 1736 quotusquisque
1008 1667 1315 1736 Principum
1346 1683 1413 1720 ne
1458 1666 1514 1719 id
1548 1663 1737 1735 quidem
1760 1659 1803 1712 in

404 1739 744 1807 patrimoniis
785 1740 1006 1793 nostris
1019 1741 1172 1793 suum
1205 1740 1392 1803 duxit,
1440 1741 1586 1809 quod
1619 1735 1730 1790 effer
1757 1735 1803 1786 de

406 1812 504 1865 suo
536 1817 557 1868 ἒ
593 1816 787 1868 Nonne
824 1829 885 1868 ut
913 1832 1106 1886 regum
1138 1853 1152 1879 ,
1196 1813 1270 1867 ιι3
1316 1814 1582 1867 Caesarum
1629 1821 1802 1863 munera

407 1885 580 1939 illitos
630 1889 765 1940 cibis
820 1890 1010 1941 hamos
1037 1927 1051 1953 ‚
1108 1904 1329 1972 opertos
1391 1888 1569 1956 praeda
1627 1888 1802 1952 laqueos

408 1962 824 2024 aemulabantur‚
864 1978 1033 2030 quum
1064 1961 1289 2030 privatis
1327 1961 1657 2015 facultatibus
1690 1956 1809 2008 velut

403 2029 584 2085 hausta
610 2034 662 2086 &
687 2034 994 2103 implicata,
1013 2049 1157 2087 retro
1176 2035 1354 2088 secum
1377 2033 1649 2104 quidquid
1653 2028 1802 2098 attige-

332 2108 337 2113 '
410 2121 528 2156 rant
562 2108 857 2160 referrent?

413 2231 420 2237 ,
483 2179 682 2234 XLIV.
722 2180 899 2247 Quam
933 2179 1067 2234 utile
1101 2180 1175 2233 est
1214 2182 1280 2233 ad
1311 2182 1466 2234 usum
1505 2178 1804 2235 secundorum

410 2269 507 2322 per
537 2254 751 2307 adversa
786 2253 1022 2316 veniffe.
1011 2256 1031 2293 >
1063 2254 1263 2309 Vixisti
1294 2256 1570 2308 nobiscum
1597 2293 1612 2318 ‚
1633 2249 1805 2321 peridi-

408 2341 550 2380 tatus
589 2345 686 2392 es,
720 2327 980 2392 timuisti,
1019 2345 1136 2397 quae
1171 2343 1297 2381 tunc
1332 2344 1445 2381 erat
1483 2324 1806 2385 innocentium

406 2399 524 2453 vita
566 2367 719 2456 :scis
760 2403 811 2453 &
846 2417 1098 2474 expertus
1140 2419 1198 2454 es
1239 2418 1439 2471 quanto
1485 2417 1644 2472 opere
1675 2394 1804 2454 detes·

410 2486 589 2525 tentur
612 2476 782 2527 malos
807 2475 1082 2545 Principes
1114 2474 1278 2529 etiam
1314 2476 1408 2544 qui
1441 2479 1611 2530 malos
1632 2470 1807 2527 faciunt.
1866 2471 1867 2482 ¹

411 2546 709 2599 Meministi
742 2565 858 2616 quae
891 2566 1079 2633 optare
1113 2549 1423 2612 nobiscum,
1449 2567 1568 2619 quae
1601 2548 1669 2601 sis
1691 2539 1808 2613 queri

412 2620 621 2677 solitus,
661 2623 798 2675 Nam
834 2623 1053 2689 privato
1096 2621 1296 2688 iudicio
1333 2623 1635 2692 Principem
1669 2616 1805 2700 geris·

413 2693 697 2746 meliorem
747 2694 915 2748 immo
963 2711 1017 2750 te
1068 2696 1315 2764 praestas,
1358 2695 1515 2765 quinti
1556 2695 1648 2748 tibi
1683 2690 1809 2743 alium

414 2769 711 2839 precabare.
749 2769 934 2837 Itaque
981 2768 1058 2823 sic
1096 2770 1286 2822 imbuti
1321 2770 1536 2833 sumus,
1569 2783 1627 2820 ut
1657 2763 1807 2833 quibu⁵

416 2855 529 2893 erat
548 2843 750 2894 summa
772 2858 1065 2907 votorum,
1087 2844 1280 2897 melior
1303 2843 1540 2911 pessimo
1560 2840 1805 2903 Princeps.

417 2910 527 2979 iam
571 2932 684 2970 non
726 2916 997 2988 possimus
1036 2915 1144 2986 nisi
1183 2917 1453 2988 optimum
1481 2916 1633 2971 ferre.
1669 2912 1810 2965 Nemo
