1951 3720
367 322 501 391 124
715 300 966 369 CAH
1034 302 1449 369 PLINII

358 439 550 476 omnes
594 421 748 491 super
792 440 1003 475 coenam
1040 424 1394 493 loquebantur
1431 461 1446 486 ,
1493 436 1651 506 quurn
1680 418 1779 489 ipse

358 497 690 563 Imperator,
731 497 862 568 Quid
877 514 1095 565 putamus
1126 496 1359 564 paffurum
1381 495 1521 562 fiuffe
1541 529 1558 554 ‚
1594 496 1633 545 si
1664 497 1781 545 vive-

359 587 469 621 ret.
460 572 481 604 ²
534 571 597 620 Et
631 570 942 633 Mauricus,
980 564 1237 637 Nobiscum
1291 585 1509 619 coenaret.
1567 567 1781 636 Longius

363 643 507 705 abii,
539 642 706 695 libens
739 658 933 696 tamen.
974 644 1175 695 Placuit
1206 659 1377 713 agona
1399 642 1550 704 tolli,
1572 641 1660 709 qui
1678 657 1782 692 mo-

364 734 450 769 res
489 716 883 768 Viennensium
925 717 1213 780 infecerat,
1255 730 1314 768 ut
1353 714 1527 768 noster
1555 715 1639 766 hic
1679 730 1784 765 om-

363 789 532 842 nium.
571 791 710 840 Nam
731 790 1125 842 Viennensium
1160 789 1294 842 vitia
1325 789 1463 841 intra
1499 788 1639 856 ipsos
1669 786 1785 837 resi-

366 864 498 915 dunt
521 902 534 926 ‚
578 862 752 915 nostra
789 861 893 915 late
931 880 1209 932 vagantur.
1253 864 1435 931 thue
1471 861 1531 914 in
1566 858 1787 928 corpori·

365 937 462 988 bus
485 974 500 998 ‚
536 935 613 988 sic
654 936 711 988 in
749 936 1012 1003 imperio,
1051 937 1399 1006 gravissimus
1440 933 1516 988 est
1556 934 1788 996 morbus,

365 1009 461 1078 qui
491 1025 520 1060 a
551 1009 723 1077 capite
751 1006 1083 1063 diffunditur.
1122 1012 1281 1064 Vale.

431 1128 633 1182 XXIII.
675 1129 850 1182 Pun.
891 1123 1242 1182 PoMromo
1282 1129 1486 1183 Basso
1531 1141 1652 1182 suo
1689 1127 1742 1183 S.

479 1226 737 1295 Pomponii
758 1223 1007 1295 sapienter
1041 1227 1143 1278 otio
1180 1228 1230 1277 in
1261 1225 1498 1296 seneffute
1533 1226 1702 1280 utentis

757 1324 1020 1392 exemplum
1057 1323 1149 1375 sibi
1183 1331 1433 1395 proponit.

372 1412 490 1506 M
509 1460 791 1500 AGNAM
830 1447 951 1517 cepi
967 1451 1342 1518 voluptatem,
1376 1466 1543 1520 quum
1574 1466 1643 1503 ex
1664 1464 1799 1502 com--¹

343 1535 346 1538 ·
375 1521 625 1574 munibus
672 1522 857 1576 amicis
891 1524 1170 1591 cognovi,
1212 1539 1307 1588 te,
1337 1539 1398 1576 ut
1433 1523 1688 1592 sapientia
1721 1522 1799 1574 tua

374 1594 595 1666 dignum
619 1594 727 1658 est,
758 1596 813 1649 1&
834 1595 1115 1664 disponere
1144 1598 1352 1660 otium,
1387 1599 1440 1650 &
1468 1600 1637 1650 ferre·
1625 1632 1643 1659 ‚
1668 1595 1802 1649 habi·

375 1681 490 1723 tare
543 1668 909 1721 amoenissime
938 1708 956 1732 ‚
1000 1670 1051 1722 &
1098 1687 1240 1723 nunc
1285 1671 1465 1734 terra,
1509 1688 1648 1723 nunc
1686 1665 1803 1722 mari

376 1759 573 1813 corpus
604 1743 832 1811 agitare·
820 1777 837 1802 ‚
873 1742 1102 1798 multum
1127 1744 1429 1812 disputare,
1466 1745 1693 1799 multum
1723 1759 1805 1795 au-

378 1815 494 1871 dire
527 1854 546 1880 ,
601 1815 826 1872 multum
876 1816 1112 1872 lectitare
1147 1836 1165 1878 ς
1217 1836 1489 1889 quumque
1536 1816 1805 1889 plurimum
1880 1864 1881 1871 ,

378 1889 541 1953 scias,
565 1889 803 1958 quotidie
828 1904 1007 1944 tamen
1022 1892 1227 1959 aliquid
1243 1893 1525 1947 addiscere.
1553 1895 1635 1945 Ita
1651 1890 1807 1944 senes·-

382 1979 503 2016 cere
524 1978 745 2031 oportet
772 1966 971 2026 virum,
998 1964 1091 2032 qui
1110 1966 1438 2037 magistratus
1459 1966 1808 2035 amplissimos

382 2035 630 2106 gesserit,
662 2037 927 2088 exercitus
961 2038 1202 2102 rexerit,
1237 2054 1522 2109 totumque
1560 2040 1616 2093 se
1649 2038 1811 2121 reipu-

382 2110 574 2173 micae,
599 2111 849 2178 quamdiu
877 2111 1131 2174 decebat,
1161 2113 1432 2166 obtulerit.
1471 2114 1615 2165 Nam
1644 2114 1697 2165 &
1722 2110 1811 2180 pri-

384 2199 473 2236 ma
493 2183 624 2236 vitae
643 2198 886 2251 tempora
906 2184 959 2239 δι
982 2185 1153 2237 media
1173 2187 1390 2254 patriae,
1410 2202 1653 2239 extrema
1672 2183 1810 2238 nobis

383 2255 662 2324 impertire
697 2257 988 2321 debemus,
1022 2272 1083 2310 ut
1102 2258 1230 2327 ipsae
1247 2262 1394 2330 leges
1419 2274 1685 2323 monent,
1708 2274 1811 2342 qua

385 2329 647 2393 maiorem
685 2330 837 2382 annis
878 2345 958 2384 Lx
989 2332 1109 2386 otio
1148 2335 1388 2388 reddunt.
1434 2335 1668 2401 Quando
1695 2328 1812 2384 mihi

386 2403 609 2457 licebit?
643 2403 875 2468 Quando
904 2421 1000 2472 per
1034 2421 1243 2459 aetatem
1271 2407 1553 2460 honestum
1583 2407 1685 2460 erit
1704 2403 1814 2458 imi-

390 2476 491 2529 tari
517 2475 650 2527 istud
677 2478 1045 2543 pulcherrirnae
1064 2481 1260 2549 quietis
1278 2484 1626 2550 exemplum?
1648 2481 1814 2546 Quan-

389 2550 461 2604 do
504 2548 721 2601 secefi‘us
759 2550 866 2602 mei
900 2569 1014 2605 non
1043 2555 1256 2608 desidiae
1287 2570 1526 2620 nomen,
1565 2555 1656 2608 sed
1687 2565 1814 2606 tran·

388 2621 674 2699 quillitatis
697 2623 1002 2693 accipient?
1036 2627 1193 2685 Vale.
