1951 3720
344 285 812 365 TRAIANO
869 302 1283 361 Dtcrvs.
1382 309 1522 383 433

119 423 261 478 quum
278 409 446 463 otium
465 427 495 462 a
517 426 572 464 te
590 449 606 473 ‚
639 424 910 480 tamquam
929 426 1014 463 res
1034 409 1242 478 optima
1261 448 1277 472 ‚
1303 408 1358 462 &
1379 424 1535 478 peta-

119 496 191 534 tur
209 522 221 545 ‚
260 484 311 536 &
345 485 512 537 detur.
560 484 737 549 Quam
788 499 893 551 ego
949 483 1110 535 audio
1158 482 1534 536 confusionem

119 569 243 607 tuam
261 553 405 608 fuiffe
430 595 447 621 ‚
484 572 648 625 quum
671 555 1057 624 digredientem
1093 555 1487 623 prosequereris
1514 561 1531 610 Ξ

119 625 404 691 Prosecutus
428 629 600 692 enirn,
638 643 737 682 nec
760 627 1063 696 temperasti
1085 627 1214 691 tibi,
1239 629 1532 697 quominus

117 701 312 759 exeunti
334 703 391 753 in
411 702 595 754 littore
616 703 895 769 amplexus
916 701 1156 753 osculum
1168 701 1352 754 ferres.
1369 700 1532 754 Stetit

118 774 307 825 Caesar
294 791 349 827 ιιι
380 775 474 827 illa
503 774 756 828 amicitiae
775 774 1023 843 specula,
1057 775 1403 842 precatusque
1426 790 1539 829 ma-

118 843 214 909 ria,
236 849 562 916 celeremque
584 847 606 913 (
633 847 681 901 si
699 860 878 900 tamen
899 848 1011 915 ipse
1032 846 1286 900 voluisset
1308 852 1328 916 )
1355 862 1534 901 recur-

118 918 248 979 sum;
276 938 371 974 nec
407 921 652 974 sustinuit
674 923 1011 974 recedentem
1034 936 1149 972 non
1187 919 1351 973 etiam
1374 936 1536 989 atque

118 991 255 1045 etiam
273 993 415 1047 votis
438 1034 454 1058 ‚
479 994 736 1064 lacrymis
765 993 932 1064 sequi.
973 995 1111 1046 Nam
1136 995 1201 1045 de
1217 993 1536 1046 liberalitato

120 1077 282 1120 taceo:
309 1067 497 1136 quibus
522 1068 669 1120 enim
697 1068 1000 1120 muneribus
1033 1065 1233 1134 aequari
1260 1067 1373 1120 haec
1409 1083 1536 1121 cun

117 1136 347 1208 Principis
371 1180 386 1205 ,
429 1142 543 1194 haec
572 1140 832 1209 patientia
866 1139 1040 1208 potest
1064 1177 1079 1203 ‚
1120 1138 1224 1207 qua
1256 1138 1493 1192 meruisti
1515 1179 1543 1205 ,-

117 1212 265 1266 utille
298 1214 396 1266 sibi
427 1213 657 1267 nimium
686 1213 841 1267 fortis
862 1251 879 1276 ,
910 1229 971 1264 ac
994 1211 1165 1280 prope
1193 1212 1354 1264 durus
1378 1213 1538 1273 videe-

115 1288 274 1339 retur?
313 1290 422 1340 Nec
457 1286 645 1340 dubito
666 1325 682 1350 ,
718 1286 850 1355 quin
880 1284 1164 1354 agitaverit
1203 1284 1380 1337 secum
1400 1324 1417 1349 ‚
1458 1303 1531 1339 an

117 1358 431 1425 gubernacula
461 1375 799 1428 retorqueret
829 1378 842 1411 ε
883 1360 936 1412 δι
966 1357 1165 1410 feciffet
1186 1396 1203 1421 ‚
1239 1357 1347 1411 nisi
1387 1357 1531 1427 quod

116 1445 230 1497 pene
250 1434 359 1502 ipso
393 1434 750 1487 contubernio
788 1431 1056 1500 Principis
1095 1430 1302 1493 felicius
1337 1429 1533 1496 jucun-

117 1503 309 1587 ditisque
340 1507 410 1562 est
445 1506 743 1560 desiderare
783 1504 1086 1573 Principem
1122 1504 1532 1562 desiderantem.

115 1576 170 1627 Et
197 1577 278 1631 ille
312 1581 530 1649 quidem
569 1595 629 1632 ut
667 1579 906 1632 maximo
946 1578 1119 1631 fruciu
1156 1577 1417 1644 suscepti,
1452 1579 1531 1639 ita

116 1649 288 1714 majore
322 1654 558 1722 depositi
596 1653 762 1706 officii
802 1650 975 1721 gloria
1016 1649 1242 1703 fruitur.
1272 1663 1529 1706 tuautem

116 1721 335 1780 facilitate
372 1726 464 1779 ista
506 1727 820 1783 consecutus
856 1741 953 1789 ες,
1000 1741 1069 1777 ne
1103 1739 1264 1793 quem
1298 1723 1531 1779 retinere

115 1794 350 1851 videaris
337 1801 594 1854 invitum.

174 1871 490 1928 Lxxxvn.
534 1874 713 1927 Civile
735 1874 843 1927 hoc
866 1887 979 1925 erat
1001 1873 1054 1927 &
1072 1871 1281 1942 parenti
1310 1873 1528 1941 publico

116 1948 701 2012 convenientissimum,
753 1947 891 1999 nihil
930 1963 1163 2016 cogere,
1214 1947 1529 2016 semperque

115 2020 417 2084 meminiss‘e
454 2023 659 2073 nullam
694 2034 894 2073 tantam
932 2019 1247 2089 potestatem
1277 2020 1529 2089 cuiquam

59 2131 60 2134 η
116 2088 208 2150 dati
235 2092 407 2159 posse,
439 2109 504 2147 ut
540 2109 653 2146 non
675 2092 746 2146 sit
777 2092 975 2162 gratior
1005 2091 1262 2160 potestate
1289 2091 1531 2149 libertas

59 2205 60 2208 ,
116 2159 300 2233 Dignus
316 2184 409 2231 es,
450 2167 661 2230 Caesar
692 2167 808 2235 qui
811 2166 987 2219 officia
1019 2167 1234 2218 mandes
1259 2166 1529 2233 deponere

117 2238 433 2301 pptantibus3
472 2240 568 2309 qui
590 2240 890 2309 petentibus
912 2237 1287 2301 vacationem,
1319 2238 1529 2293 invitus

61 2331 68 2362 ι,
117 2308 339 2390 «Πιείᾀειιι,
367 2314 455 2366 sed
478 2327 658 2365 tamen
676 2311 916 2372 tribuas;
947 2312 1043 2381 qui
1067 2313 1132 2365 ab
1155 2311 1342 2365 amicis
1367 2329 1531 2366 oran.

114 2377 242 2463 ἥξεις
251 2386 486 2469 requiem
518 2403 631 2438 non
650 2400 702 2437 te
726 2384 958 2453 relinqui
979 2400 1171 2453 putes;
1206 2385 1300 2455 qui
1322 2385 1532 2455 semper

114 2448 368 2525 munias,
402 2462 455 2514 δι
480 2475 616 2529 quos
635 2475 706 2511 ex
724 2458 844 2511 otio
861 2474 1121 2522 revoces,
1155 2459 1209 2510 δι
1237 2475 1376 2528 quos
1407 2459 1533 2516 otio

61 2545 64 2578 ε
101 2529 293 2611 jadaias.
321 2535 441 2588 Vos
466 2549 713 2602 quoque,
736 2548 874 2600 quos
893 2547 1084 2599 parens
1102 2531 1278 2586 noster
1299 2532 1533 2594 familia-
1592 2583 1611 2594 ,

61 2637 62 2640 =
114 2589 232 2682 §fier
245 2603 512 2675 inspicere
542 2605 823 2675 dignatur,
854 2605 1039 2658 fovete
1068 2603 1242 2658 sancte
1270 2603 1531 2670 iudicium

114 2670 274 2742 eim„
265 2681 425 2748 quod
454 2681 519 2732 de
548 2678 707 2731 vobis
728 2679 921 2731 habet:
961 2677 1050 2730 hic
1079 2676 1251 2731 vester
1269 2678 1533 2740 laborest.

114 2741 342 2830 Pmceps
367 2751 551 2815 enim,
574 2768 739 2820 quum
766 2750 826 2803 in
853 2767 964 2803 uno
986 2750 1237 2818 probavit
1264 2767 1439 2804 amare
1475 2753 1533 2804 se

113 2817 262 2887 scire,
296 2840 452 2877 vacat
480 2823 670 2892 culpa,
709 2822 758 2876 si
784 2822 921 2876 alios
945 2823 1125 2877 minus
1154 2837 1313 2878 amat.
1350 2824 1535 2892 Ipsum

116 2893 310 2961 guidem
344 2897 469 2970 quis
506 2896 849 2982 mediocriter
886 2896 1072 2973 diligat
1108 2937 1127 2965 ‚
1185 2913 1353 3022 gruum
1384 2899 1536 2969 leges
