1951 3720
371 309 939 378 EPISTOLAE.
970 308 1123 378 Lib.
1166 307 1261 378 X.
1428 324 1567 400 329

213 431 453 485 LXIX.
494 431 754 484 Pumus
794 431 1104 482 TRAJANO
1146 430 1369 481 Imran.
1405 429 1461 482 S.

185 552 275 603 De
307 553 418 603 lacu
440 551 871 603 Nicomedensium.
902 550 1026 603 Vide
1040 548 1188 619 supr-d
1228 565 1314 617 50.
1342 550 1386 601 ἃ
1418 565 1505 616 51.

127 647 211 738 T
237 704 282 742 u
323 689 540 760 quidem
560 729 574 752 ,
601 689 842 742 Domine
862 728 878 753 ,
915 688 1390 758 providentissime
1425 707 1575 744 vere-

124 763 193 815 ris
218 802 233 826 ,
258 780 326 816 ne
358 761 663 815 commifl‘us
688 762 897 814 flumini
923 803 936 827 ,
959 779 1115 832 atque
1146 763 1217 814 ita
1237 763 1370 815 mari
1391 803 1407 826 ,
1430 767 1576 816 lacus

124 837 340 888 effluat:
370 837 456 888 sed
485 853 589 905 ego
623 836 680 888 in
712 853 766 887 re
791 837 1036 903 praesenti
1066 836 1326 888 invenisse
1345 837 1540 889 videor
1561 875 1578 900 ,

128 911 579 978 quemadmodum
599 908 723 961 huic
746 909 989 976 periculo
1014 926 1364 962 occurrerem.
1400 908 1578 963 Potest

125 983 273 1034 enim
311 985 455 1035 lacus
490 982 635 1034 fossa
670 982 833 1050 usque
871 985 934 1035 ad
971 982 1171 1035 flumen
1210 982 1436 1046 adduci,
1477 997 1579 1035 nec

125 1072 305 1108 tamen
336 1056 394 1108 in
429 1055 633 1107 flumen
667 1055 877 1118 emitti,
914 1057 1003 1108 sed
1036 1057 1222 1108 relieto
1257 1055 1409 1124 quasi
1436 1073 1580 1108 mar-

128 1130 252 1199 gine
294 1128 563 1182 contineri
587 1129 786 1196 pariter
828 1130 879 1180 &
910 1129 1127 1181 dirimi:
1163 1129 1238 1180 sic
1279 1129 1578 1197 conseque-

123 1220 246 1265 mur
275 1218 336 1254 ut
374 1219 474 1254 nec
509 1202 714 1255 vicino*
744 1202 990 1254 videatur
1018 1201 1230 1253 flumini
1261 1201 1442 1253 mistus
1469 1241 1485 1264 ,
1524 1202 1578 1254 δε

127 1277 195 1328 sit
228 1275 481 1344 perinde,
510 1291 569 1326 ac
593 1274 639 1326 si
663 1274 959 1328 misceatur.
982 1275 1095 1326 Erit
1125 1274 1269 1329 enim
1304 1274 1460 1326 facile
1483 1291 1583 1341 per

128 1348 275 1402 illam
325 1347 698 1401 brevissimam
739 1354 935 1400 'terram
968 1388 984 1411 ,
1035 1366 1150 1415 quae
1201 1346 1532 1411 interjacebit
1559 1387 1576 1412 ,

128 1421 347 1474 advecta
370 1421 510 1474 fossa
531 1438 693 1472 onera
716 1421 1057 1489 transponere
1082 1420 1141 1472 in
1163 1419 1381 1474 flumen.
1417 1420 1580 1486 Quod

129 1495 203 1547 ita
241 1494 372 1557 fiet,
418 1494 465 1545 si
513 1493 796 1545 necessitas
849 1509 1008 1562 coget
1032 1533 1046 1556 ,
1088 1494 1139 1544 ὅ(
1168 1533 1182 1556 ,
1218 1495 1373 1561 spero
1406 1532 1421 1557 ‚
1464 1510 1580 1546 non

129 1584 312 1637 coget.
369 1566 454 1618 Est
499 1568 646 1618 enim
701 1567 754 1618 ὅ(
795 1569 938 1618 lacus
981 1564 1092 1633 ipse
1139 1566 1265 1619 satis
1305 1569 1442 1618 altus
1470 1606 1484 1629 ,
1527 1567 1581 1618 &

129 1640 351 1694 nuncin
378 1640 700 1693 contrariam
717 1655 923 1708 partem
948 1638 1152 1689 flumen
1169 1638 1371 1690 emittit
1392 1657 1408 1696 3
1434 1640 1581 1705 quod

131 1713 477 1767 interclusum
517 1713 638 1766 inde
671 1753 687 1776 ,
731 1715 783 1767 δι
824 1711 934 1782 quo
983 1712 1236 1763 volumus
1295 1711 1535 1761 aversum
1566 1750 1582 1774 ‚

130 1789 246 1841 sine
265 1791 383 1840 ullo
415 1787 736 1841 detrimento
755 1787 936 1848 lacus,
941 1798 1168 1836 tantum
1199 1800 1382 1852 aquae,
1420 1800 1584 1851 quan-

129 1878 244 1915 tum
265 1879 412 1915 nunc
440 1877 654 1931 portat,
687 1858 940 1914 effundet.
985 1860 1244 1912 Praeterea
1273 1874 1367 1926 per
1390 1855 1445 1909 id
1465 1856 1585 1925 spa·

132 1936 309 1999 tium,
340 1952 438 2004 per
460 1936 604 2003 quod
629 1933 763 1989 foffa
780 1934 1017 1987 facienda
1035 1931 1143 1995 est,
1177 1931 1416 1984 incidunt
1437 1929 1544 1983 rivi
1567 1969 1585 1994 ,

133 2010 222 2077 qui
252 2009 301 2061 si
329 2008 615 2077 diligenter
634 2008 989 2077 colligantur,
1013 2006 1275 2074 augebunt
1294 2004 1424 2056 illud
1443 2006 1589 2073 quod

129 2085 275 2135 lacus
315 2080 541 2135 dederit.
582 2080 874 2134 Enimvero
915 2080 963 2134 si
1004 2082 1207 2147 placeat
1239 2075 1426 2130 fofi‘am
1462 2080 1588 2130 lon·

133 2156 249 2225 gius
286 2156 481 2207 ducere
502 2193 517 2217 ,
568 2155 620 2206 &
659 2153 853 2208 arCtius
895 2152 1118 2221 preffam
1167 2150 1299 2204 mari
1337 2168 1544 2219 aequare
1574 2188 1591 2215 ,

132 2245 227 2281 nec
265 2227 328 2279 in
358 2227 596 2290 flumen,
621 2227 753 2281 sed
742 2244 799 2281 m
823 2226 995 2295 ipsum
1024 2242 1166 2278 mare
1190 2223 1470 2287 emittere,
1494 2242 1582 2277 re-

132 2299 406 2369 percuffus
445 2299 606 2353 maris
637 2299 867 2354 servabit
899 2300 950 2351 &
984 2299 1238 2366 reprimet
1259 2296 1517 2365 quidquid
1553 2315 1585 2351 e

134 2377 250 2427 lacu
288 2372 497 2427 veniet.
548 2373 798 2438 Quorum
835 2372 882 2424 si
914 2372 1048 2424 nihil
1081 2372 1235 2423 nobis
1266 2371 1375 2424 loci
1398 2387 1587 2425 natura

132 2447 439 2516 praestaret,
461 2444 770 2513 expeditum
787 2460 965 2498 tamen
985 2460 1125 2505 erat,
1147 2444 1414 2496 catat-aclis
1435 2461 1586 2512 aquae

133 2521 349 2573 cursum
385 2533 700 2585 temperare.
742 2518 945 2571 Verum
986 2519 1039 2570 &
1061 2519 1173 2570 haec
1199 2517 1251 2569 ὅ(
1282 2518 1384 2569 alia
1419 2515 1592 2570 multo

135 2592 378 2663 sagacius
403 2591 690 2658 conquiret
707 2589 1111 2658 explorabitque
1147 2589 1400 2651 librator,
1431 2606 1593 2658 quem

134 2664 326 2734 plane,
349 2663 621 2728 Domine,
643 2665 799 2717 debes
817 2664 1067 2726 mittere,
1088 2679 1149 2716 ut
1172 2662 1463 2730 polliceris.
1506 2663 1592 2716 Est

134 2739 286 2791 enim
318 2754 403 2789 res
428 2737 585 2805 digna
620 2738 671 2789 &
701 2736 1066 2805 magnitudine
1090 2736 1180 2790 tua
1206 2737 1258 2788 &
1288 2735 1432 2788 cura.
1475 2736 1589 2804 Ego

129 2811 360 2866 interim
385 2809 675 2877 Calpurnio
695 2811 881 2868 Macro
903 2848 919 2872 ,
951 2808 1250 2862 clarissimo
1268 2808 1396 2861 viro
1420 2847 1435 2870 ,
1466 2824 1594 2860 auc·

135 2899 257 2936 tore
310 2897 365 2934 te
399 2919 416 2946 ,
460 2882 681 2950 scripsi,
718 2896 778 2935 ut
811 2882 1119 2938 libratorem
1169 2879 1329 2952 quam
1359 2880 1594 2938 maxime

137 2956 405 3014 idoneum
434 2956 692 3013 mitteret.
