1951 3720
341 253 429 321 14
647 229 1406 299 C'Atthtzvtt

329 347 591 401 emendat.
637 346 883 416 Sequaris
921 356 1234 399 monentem
1273 360 1504 400 attentus
1547 345 1605 399 ὅ(
1638 362 1782 414 pen·-⁴

329 422 497 482 dens3
536 421 592 472 &
620 420 919 488 persuaderi
947 420 1046 472 tibi
1065 458 1081 483 ,
1117 419 1279 472 etiam
1310 437 1475 489 quum
1505 420 1770 488 persuase-

326 493 401 547 rit
424 533 440 558 ,
472 493 673 562 cupias.
712 493 832 547 Jam
867 491 1001 582 vero
1030 492 1184 545 liberi
1216 508 1321 546 tres
1346 533 1371 558 ,.
1401 496 1508 546 duo
1538 509 1712 545 mares
1746 530 1777 556 ,.

327 640 570 694 Julianus
596 678 611 702 ,
655 657 817 708 quum
847 639 1023 693 cetera
1052 638 1216 702 vitan,
1249 653 1372 691 tum
1392 641 1483 692 vel
1515 640 1621 691 hoc
1650 654 1767 690 uno

327 729 549 782 magnus
575 713 627 764 ὅ(
646 715 814 765 clarus
834 751 851 776 ‚
888 709 1033 781 quod
1061 711 1172 780 ipse
1197 712 1492 781 provinciae
1517 711 1769 780 princeps

325 786 468 838 hunc
488 785 628 837 inter
657 785 938 838 altissimas
962 784 1580 855 conditionesgenerum
1601 823 1616 847 ,
1649 800 1770 836 non

325 858 622 912 honoribus
671 858 969 927 principem
1009 897 1026 921 ‚
1076 857 1167 913 sed
1213 857 1472 926 sapientia
1510 896 1527 922 ,
1578 857 1777 926 elegit..

325 931 664 1000 Quamquam
700 932 827 999 quid
862 947 964 1000 ego
1001 932 1153 999 plura
1186 931 1250 983 de
1285 930 1409 983 viro
1431 969 1446 995 ‚
1487 946 1596 998 quo
1629 929 1770 982 mihi

325 1004 430 1062 frui
466 1021 579 1056 non
613 1003 782 1056 licet?
820 1005 906 1056 An
937 1018 999 1055 ut
1034 1002 1202 1072 magis
1240 1019 1398 1074 angar
1419 1042 1435 1067 ,
1474 1000 1618 1072 quod
1652 1019 1778 1054 non-

324 1075 486 1130 licet.
477 1080 497 1116 ²
546 1078 684 1129 Nam
719 1075 1001 1146 distringor
1036 1075 1215 1129 officio
1253 1092 1313 1128 ut
1354 1077 1636 1139 maximo,
1688 1075 1786 1128 sic·

324 1149 724 1202 molestissimo,
765 1150 937 1202 Sedeo
974 1165 1080 1217 pro
1112 1148 1402 1213 tribunali,
1439 1149 1668 1200 sumnoto
1705 1147 1793 1204 1i·.

322 1219 537 1286 bellos,
574 1221 807 1275 conficio
848 1223 1097 1276 tabulas·
1129 1222 1300 1275 scribo
1338 1221 1636 1291 plurimam
1675 1221 1776 1274 sed

323 1292 775 1349 illitteratissimas
836 1296 1059 1349 litteras,
1133 1296 1296 1348 Soleo
1359 1309 1775 1363 nonnumquam

324 1368 354 1435 ζ
381 1385 503 1420 nam
536 1368 590 1423 id
623 1368 795 1436 ipsum
827 1369 1040 1437 quando
1068 1367 1335 1437 contingit
1369 1372 1382 1421 ε
1416 1369 1440 1436 )
1471 1369 1534 1420 de
1562 1366 1647 1420 his
1680 1382 1771 1419 oc·-

323 1440 697 1508 cupationihus
719 1443 858 1509 apud
877 1441 1202 1509 Euphratem
1218 1440 1387 1509 queri.
1411 1442 1508 1493 Ille
1530 1456 1617 1492 me
1639 1456 1770 1492 con·

323 1514 526 1566 solatur
554 1533 567 1566 ε
604 1515 825 1567 affirmat
861 1513 1025 1567 etiam
1059 1511 1163 1567 effe
1197 1514 1332 1567 hanc
1368 1512 1722 1582 philosophiae
1748 1550 1782 1577 ‚‚

324 1585 381 1639 ὅ(
417 1587 633 1656 quidem
668 1586 1078 1655 pulcherrimam
1117 1598 1364 1655 partem,
1414 1602 1568 1656 agere
1603 1601 1783 1655 nego·-

322 1659 461 1711 tium
483 1659 786 1729 publicum,
800 1660 1155 1729 cognoscere,
1168 1658 1428 1725 iudicare,
1441 1675 1688 1727 promere
1712 1660 1782 1710 δι

323 1748 574 1786 exercere
595 1731 882 1799 justitiam,
922 1749 1146 1802 quaeque
1169 1732 1273 1801 ipsi
1294 1735 1554 1795 doceant,
1593 1731 1651 1783 in
1668 1732 1781 1783 usu

322 1806 531 1860 habere.
555 1806 696 1858 Mihi
721 1820 899 1859 tamen
916 1807 1021 1859 hoc
1044 1821 1211 1858 unum
1235 1822 1347 1859 non
1367 1805 1672 1875 persuadet,
1692 1805 1785 1857 sas·

322 1879 432 1933 tius
470 1879 574 1933 effe
609 1879 702 1931 ista
735 1880 947 1945 facere,
985 1896 1146 1948 quam
1175 1895 1296 1931 cum
1333 1878 1432 1932 ilio
1468 1877 1578 1932 dies
1615 1891 1770 1958 toto}

324 1954 591 2014 audiendo
611 1952 963 2021 discendoque
986 1952 1316 2005 consumere.
1338 1950 1467 2018 Quo
1487 1951 1657 2021 magis
1679 1966 1733 2003 te
1748 1990 1778 2016 ,.

323 2028 414 2079 cui
433 2039 623 2088 vacat,
651 2026 843 2079 hortor
862 2065 883 2089 ,
909 2042 1073 2094 quum
1099 2025 1155 2077 in
1185 2026 1372 2078 urbem
1400 2023 1651 2093 proxime
1672 2041 1778 2076 ve·

323 2101 467 2152 neris
493 2097 720 2167 (venias
741 2113 921 2152 autem
942 2100 1012 2150 ob
1029 2099 1135 2150 hoc
1169 2097 1466 2165 maturius)
1488 2096 1568 2150 illi
1590 2111 1643 2149 te
1673 2114 1772 2151 ex-

323 2173 635 2241 poliendum
660 2172 1057 2240 limandumque
1084 2171 1378 2239 permittas.
1405 2172 1594 2240 Neque
1619 2171 1768 2222 enim

322 2262 431 2314 ego
450 2285 466 2310 ,
499 2260 560 2297 ut
589 2245 782 2308 multi,
813 2243 1035 2297 invideo
1066 2244 1185 2298 aliis
1215 2245 1362 2297 bono
1393 2260 1502 2313 quo
1532 2243 1645 2312 ipse
1676 2260 1778 2296 cas

323 2335 420 2372 reo
445 2336 462 2379 ς
504 2319 593 2372 sed
627 2316 812 2370 contra
847 2317 1056 2371 sensum
1092 2319 1374 2386 quemdam
1407 2318 1779 2386 voluptatem*

324 2407 431 2460 que
458 2390 700 2460 percipio
719 2430 737 2454 ‚
767 2389 814 2457 si
838 2408 906 2444 ea*
929 2408 1048 2460 quae
1079 2389 1215 2443 mihi
1235 2392 1559 2460 denegantur
1581 2428 1598 2454 ,
1633 2390 1774 2444 ami-⁴

323 2466 402 2518 cis
433 2465 597 2517 video
628 2462 905 2533 supereffe.
945 2465 1106 2518 Vale.

470 2558 580 2612 XI.
620 2557 951 2609 Pznuus
991 2558 1234 2609 Fano
1273 2555 1520 2609 lustro
1558 2555 1614 2609 S»

507 2652 595 2702 De
623 2650 939 2721 infrequentia
969 2648 1270 2717 epistolarum
1294 2649 1580 2718 expostulat.

331 2739 428 2832 O
451 2788 484 2826 ι,
500 2788 523 2826 1
540 2787 594 2825 Μ
623 2773 757 2825 mihi
777 2773 947 2825 nullas
966 2743 1214 2841 epistolas
1241 2769 1430 2824 mittis.
1466 2771 1619 2824 Nihil
1651 2771 1726 2824 est
1745 2813 1777 2837 ,2

326 2846 511 2916 inquis
534 2886 550 2912 ‚
589 2849 734 2917 quod
779 2846 1017 2901 scribam.
1074 2847 1147 2898 At
1181 2847 1290 2898 hoc
1334 2844 1507 2914 ipsum
1544 2845 1718 2899 scribe
1747 2885 1782 2912 „
