1951 3720
354 342 484 412 170
660 319 929 387 CAII
1009 322 1449 390 PLINII

416 441 517 491 Hic
540 440 656 492 situs
676 443 741 505 est
758 441 913 508 Rufiu
930 476 947 499 ,
969 441 1112 511 pulso
1145 444 1224 512 qui
1247 444 1451 497 Vindice
1481 446 1715 512 quondam
1732 478 1752 503 ,

487 514 737 584 Imperium
760 515 949 583 afferuit
977 536 1073 594 ripn
1097 519 1189 568 sibi
1210 552 1226 578 ,
1250 515 1342 585 sed
1360 520 1553 587 paeriae.

339 636 477 687 Tam
506 653 617 687 rara
655 635 713 687 in
748 636 1000 689 amicitiis
1025 636 1158 690 fides
1179 676 1195 701 ‚
1230 650 1339 688 tam
1372 652 1552 705 parata
1577 635 1789 690 oblivio

343 724 682 761 mortuorum
704 749 719 772 ‚
754 723 816 761 ut
845 709 953 778 ipsi
987 712 1144 762 nobis
1168 712 1449 762 debeamus
1474 712 1642 770 etiam
1668 726 1794 762 con·

341 781 539 834 ditoria
557 782 821 835 exstruere
842 821 856 846 ‚
881 784 1169 852 omniaque
1185 785 1439 836 heredum
1457 784 1634 835 officia
1656 798 1790 851 prae·

343 856 569 909 sumere.
609 858 748 907 Nam
772 856 859 908 cui
882 873 996 908 non
1016 856 1089 909 est
1107 859 1399 909 verendum
1422 896 1437 920 ,
1464 859 1612 926 quod
1636 857 1792 909 vide-

339 945 462 980 mus
487 928 729 981 accidiffe
758 929 1016 999 Virginio
1040 933 1062 983 ἒ
1100 929 1250 995 cujus
1286 929 1536 996 injuriam
1557 944 1621 982 ut
1650 930 1792 981 indi-

341 1002 588 1070 gniorem
623 1042 638 1065 ‚
690 1002 769 1056 sic
819 1003 983 1057 etiam
1032 1004 1308 1057 notiorem
1360 1002 1530 1073 ipsius
1579 1003 1792 1055 claritas

342 1074 486 1129 facit.
528 1077 687 1129 Vale.

480 1198 589 1252 XI.
631 1198 966 1251 Pru-uus
1008 1198 1359 1249 ΜΑκιΜο
1402 1210 1550 1249 svo
1592 1197 1657 1251 S.

346 1316 535 1369 Gaudet
572 1321 687 1370 duos
709 1315 1064 1386 adolescentes,
1085 1315 1141 1385 se
1168 1315 1396 1387 prasente
1417 1354 1432 1379 ,
1470 1317 1641 1387 causas
1665 1319 1795 1390 egiffe

634 1414 862 1483 praeclare
901 1418 1029 1483 apud
1051 1414 1315 1485 praefhblum
1352 1417 1497 1469 urbis.

354 1505 448 1598 O
471 1552 676 1589 DIEM
721 1540 901 1590 laetum
932 1542 948 1601 Ξ,
994 1538 1276 1591 Adhibitus
1329 1538 1390 1590 in
1434 1537 1732 1610 consilium
1769 1558 1797 1593 a

347 1611 600 1680 praefecto
628 1611 771 1663 urbis
796 1650 810 1675 ‚
844 1611 1026 1664 audivi
1064 1629 1134 1664 ex
1168 1613 1382 1665 diverso
1417 1629 1635 1682 agentes
1664 1615 1796 1665 sum·

349 1702 450 1737 mae
481 1685 630 1753 spei,
660 1686 876 1736 summae
908 1684 1109 1738 indolis
1139 1684 1362 1751 iuvenes
1387 1687 1552 1750 duoS,
1572 1688 1798 1739 Fuscum

351 1759 702 1811 Salinatorem
745 1760 801 1810 ὅτ.
839 1758 1174 1811 Ummidium
1218 1760 1546 1825 Quadratum
1578 1799 1593 1823 ,
1647 1777 1798 1829 egre·

353 1832 501 1902 gium
536 1848 629 1900 par
650 1872 666 1894 ,
707 1848 804 1885 nec
846 1831 1012 1885 modo
1051 1833 1381 1901 temporibus
1424 1832 1620 1886 nostris
1644 1874 1662 1898 ,
1712 1834 1798 1886 sed

350 1906 548 1958 litteris
584 1905 717 1973 ipsis
759 1919 1077 1958 ornamento
1105 1907 1360 1959 futurum.
1417 1906 1561 1958 Mira
1599 1906 1798 1959 utrius-

354 1996 458 2048 que
488 1978 723 2047 probitas
746 2019 761 2043 ,
792 1979 1083 2031 constantia
1106 1979 1278 2043 salva,
1305 1982 1528 2055 deeeptus
1545 1980 1792 2041 habituS.

353 2070 420 2104 os
455 2051 702 2103 Latinum
724 2091 739 2116 ‚
772 2070 890 2104 vox
910 2053 1086 2105 virilis
1107 2092 1122 2116 ,
1158 2067 1322 2105 tenax
1355 2052 1615 2106 memoria
1638 2093 1653 2117 ‚
1691 2071 1799 2105 ma-

353 2142 519 2195 gnum
547 2125 823 2194 ingenium
845 2166 860 2190 ,
891 2125 1145 2190 judicium
1177 2128 1410 2195 aequale:
1438 2144 1555 2195 quae
1587 2127 1798 2195 singula

354 2199 497 2250 mihi
522 2198 792 2266 voluptati
820 2200 1072 2260 fuerunt·,
1114 2213 1270 2268 atque
1303 2200 1443 2251 inter
1474 2202 1585 2252 haec
1627 2199 1759 2252 illud
1779 2239 1794 2263 ,

357 2271 503 2340 quod
526 2272 577 2323 δι
600 2271 706 2340 ipsi
725 2289 812 2325 me
833 2288 892 2324 ut
913 2273 1174 2325 ressorem
1190 2312 1205 2337 ,
1224 2288 1286 2324 ut
1302 2272 1605 2342 magistrum
1627 2273 1798 2326 intue-

353 2347 545 2397 bantur
567 2358 590 2408 ,‘
610 2347 663 2397 &
690 2345 756 2398 iis
778 2346 870 2414 qui
894 2347 1169 2399 audiebant
1189 2387 1204 2411 ‚
1241 2363 1329 2398 me
1350 2346 1589 2399 aemulari
1610 2385 1626 2411 ‚
1661 2346 1795 2398 meis

357 2418 545 2471 instare
571 2418 810 2488 vestigiis
840 2419 1173 2473 videbantur.
1228 2419 1281 2472 O
1320 2420 1463 2473 diem
1501 2421 1522 2487 (
1559 2435 1794 2488 repetam

355 2492 548 2559 enim)
580 2494 760 2544 laetum
781 2534 795 2556 ‚
828 2496 1223 2562 notandumque
1253 2493 1387 2544 mihi
1416 2492 1794 2545 candidissimo

355 2568 561 2618 calculo
596 2569 608 2618 !
644 2566 789 2632 Quid
827 2567 971 2619 enim
1016 2582 1104 2619 aut
1144 2565 1351 2634 publice
1385 2565 1559 2618 laetius
1581 2605 1596 2630 ,
1637 2565 1793 2634 quam

355 2639 683 2692 clarissimos
719 2639 940 2705 juvenes
978 2639 1179 2692 nometi
1210 2641 1261 2691 ὅ(
1297 2640 1490 2691 famam
1521 2656 1593 2692 ex
1614 2638 1793 2690 studiis

355 2729 538 2781 petere
576 2753 591 2777 ‚
644 2728 732 2764 aut
770 2712 1195 2782 mihi-optatius,
1229 2712 1387 2782 quam
1428 2729 1515 2764 me
1553 2714 1618 2764 ad
1659 2711 1796 2763 tedia

355 2786 691 2840 tendentibus
735 2785 887 2854 qu'asi
928 2789 1201 2855 exemplar
1245 2785 1348 2838 effe
1399 2785 1745 2854 propositum
1766 2785 1791 2835 ἓ

356 2862 521 2926 Quod
562 2859 808 2928 gaudium
844 2876 903 2913 ut
931 2859 1194 2929 perpetuo
1232 2860 1438 2929 capiam
1483 2862 1614 2913 deos
1649 2874 1787 2910 oro:

359 2937 423 2987 ab
465 2933 684 2997 iisdem,
728 2930 852 2987 teste
902 2948 990 2996 te,
1025 2949 1153 3002 peto
1178 2973 1193 2997 ‚
1234 2949 1294 2986 ut
1334 2950 1522 2986 omnes
1571 2931 1668 3002 qui
1708 2944 1790 2982 me
