1951 3720
274 336 346 409 iv
590 355 759 409 οι
854 334 1412 411 Ριιπιο

355 450 599 535 Quanta
628 451 880 515 discendi
907 454 1216 536 cupiditate
1240 455 1312 516 fla
1355 468 1504 517 taret
1522 499 1544 531 ,
1572 453 1711 518 hine

266 533 441 599 facile
464 535 545 599 est
574 536 916 620 intelligere.
946 536 1296 599 Duodevice
1341 557 1500 599 mum
1528 541 1713 599 aetatis

273 636 491 680 annum
553 617 761 700 agebat
802 662 823 692 ,
884 636 1127 699 eratque
1170 617 1384 678 Miseni
1422 617 1536 681 un&
1574 638 1711 679 cum

269 718 457 761 matre
493 698 558 759 &
588 700 874 778 avunculo
899 744 920 773 ,
960 701 1059 781 qui
1092 696 1256 773 stanti
1284 699 1355 759 ad
1392 719 1520 760 eam
1543 720 1711 763 oram

269 778 425 841 elaffi
456 778 738 841 Romana
762 798 1003 861 praeerat
1021 825 1042 855 ,
1078 800 1256 862 quum
1278 779 1517 842 Vesuvii
1536 801 1715 843 mon-

267 863 348 922 tis
369 862 747 943 conflagratio
768 882 927 923 tanta
954 904 980 936 ,‹
1060 879 1230 923 nanta
1265 882 1580 941 numquam
1615 882 1714 922 an·

268 959 370 1005 tea
393 988 412 1016 ‚
450 961 654 1004 exorta
681 941 783 1004 est.
827 941 1014 1004 Praece
1060 959 1183 1004 erat
1212 962 1318 1024 per
1348 942 1563 1003 multos
1588 943 1718 1004 dies

273 1040 444 1085 terrae
467 1021 1148 1085 tremorformidolosus:
1170 1023 1485 1106 apparebat
1506 1024 1717 1106 procul

273 1105 462 1166 nubes
494 1103 756 1166 inusitata
786 1104 1182 1189 magnitudine
1217 1106 1281 1166 &
1313 1104 1502 1186 specie
1528 1126 1544 1165 z
1576 1124 1714 1166 me-

269 1190 370 1247 'tus
408 1187 613 1269 ingens
654 1187 893 1265 periculi
937 1188 1448 1268 appropinquantis
1484 1202 1718 1262 ceteros

275 1286 485 1328 omnes
523 1268 865 1346 perculerat.
904 1265 982 1329 Et
1000 1268 1315 1328 avunculus
1337 1267 1573 1348 quidem
1597 1287 1715 1328 na·-

272 1364 418 1409 turae
445 1348 692 1408 curiosus
728 1350 1065 1428 explorator
1089 1366 1306 1409 navem
1340 1346 1718 1425 conscendit,

275 1430 418 1510 'quid
438 1428 552 1490 hoc
574 1431 658 1490 rei
674 1426 813 1490 esset
830 1427 1049 1502 visurus
1067 1448 1099 1490 e
1122 1429 1452 1510 propinquo
1470 1448 1490 1502 ;
1509 1449 1718 1509 quum·

282 1529 399 1591 que
426 1510 501 1571 eb
533 1511 648 1571 loci
681 1506 1031 1589 procefliffet
1049 1552 1069 1584 ,
1094 1509 1257 1581 ,unde
1280 1509 1525 1570 flammae
1546 1509 1719 1572 flam-

279 1610 623 1672 marumque
663 1592 1012 1672 praenuntius
1061 1590 1212 1651 odor
1252 1589 1532 1671 sulphuris
1574 1590 1727 1652 alios-

278 1670 340 1731 in
378 1670 574 1752 fugam
611 1670 918 1732 vertebant
940 1715 962 1747 ,
1006 1672 1282 1733 crassiore
1325 1670 1568 1754 caligine
1603 1669 1720 1752 spi·

276 1753 387 1812 ritu
426 1749 754 1824 obstruite,
784 1752 1031 1832 repente
1067 1751 1341 1812 concidit.
1382 1750 1467 1812 At
1507 1750 1726 1815 Plinius

276 1829 492 1893 Miseni
512 1852 644 1893 cum
666 1849 849 1894 matre
872 1831 1133 1906 renerus,
1170 1853 1349 1894 omne
1383 1832 1528 1894 illud
1563 1849 1721 1896 tem·

276 1932 388 1995 pus
438 1910 630 1974 studiis
669 1915 1077 1994 impenderat:
1129 1915 1192 1986 6<
1235 1934 1418 1995 quum
1455 1931 1719 1978 tremore

276 2010 447 2054 terrae
474 1995 552 2055 ita
571 1993 954 2056 invalescente
980 2038 1000 2068 ,
1032 2013 1096 2054 ut
1124 1998 1320 2056 omnia
1340 1999 1490 2057 verti
1516 1996 1722 2058 crede-

273 2090 518 2147 rentur,
575 2077 852 2135 excitatus
894 2097 928 2135 a
969 2094 1152 2137 matre
1184 2122 1207 2147 ,
1255 2074 1540 2140 resediss'et
1585 2098 1725 2139 cum

275 2153 398 2235 ipsa
430 2156 490 2214 in
524 2174 654 2214 area
690 2154 897 2216 domus
921 2201 940 2229 ‚
973 2171 1100 2216 tum
1124 2178 1360 2238 quoque
1379 2157 1587 2218 librum
1607 2180 1723 2238 po·

275 2235 466 2318 poscit
487 2232 611 2294 Titi
639 2235 826 2308 Livii,
864 2237 928 2297 &
955 2235 1110 2319 quasi
1146 2258 1251 2318 per
1276 2240 1463 2298 otium
1486 2240 1729 2321 legebat

279 2315 765 2396 excerpebatque.
816 2316 945 2376 Nec
993 2319 1148 2398 prius
1189 2318 1352 2379 desiit
1388 2317 1499 2381 effe
1526 2323 1723 2382 inten-

277 2413 373 2457 tus
406 2398 466 2456 in
494 2396 700 2456 librum
733 2442 752 2467 ‚
787 2398 961 2478 quem
993 2397 1153 2459 testis
1183 2396 1730 2477 circumjacentibus

277 2475 576 2559 quassatis,
601 2479 975 2539 incidentium
1001 2482 1164 2540 ruina
1184 2480 1321 2541 loco
1343 2483 1521 2541 etiam
1545 2503 1723 2564 aper-

278 2573 345 2620 to
367 2604 388 2634 ,
419 2557 517 2619 sed
559 2558 796 2641 angusto
821 2605 840 2634 ‚
878 2575 1256 2622 metueretur.
1292 2559 1454 2622 Tum
1480 2563 1723 2626 demum

278 2641 477 2699 matris
496 2659 709 2722 magno
743 2661 923 2721 opere
945 2645 1246 2715 orantismt
1273 2664 1513 2725 quoquo
1533 2645 1724 2707 modo

246 2718 431 2800 ‘solus
459 2718 688 2803 fugeret
711 2768 732 2798 ,
767 2742 842 2784 ne
878 2721 997 2804 ipsa
1034 2726 1195 2783 annis
1221 2724 1285 2785 &
1308 2745 1558 2805 corpore
1582 2747 1721 2807 gra-

279 2803 373 2863 vis
426 2799 548 2863 filio
598 2801 761 2864 causa
808 2806 1012 2864 mortis
1055 2803 1195 2866 effet
1236 2851 1257 2881 ,
1312 2826 1551 2866 manum
1589 2827 1721 2867 am·

275 2880 544 2967 plefiitur
557 2927 591 2957 ,γ
612 2904 753 2946 cum.
785 2905 969 2969 eaque
996 2881 1239 2970 gradum
1264 2887 1722 2954 celerans-exce-
