1951 3720
73 3049 96 3072 l

367 302 841 405 Taaiano
894 349 1306 404 υιετυς.
1434 342 1578 438 372*

100 453 206 510 sita
248 454 371 516 est3
425 454 762 525 populusque
799 455 1077 507 Romanus
1111 454 1376 525 obligatus
1412 470 1443 506 a
1479 452 1575 506 tri·

101 530 296 583 bunali
346 545 444 581 tuo
465 567 482 592 ‚
537 545 652 581 non
704 544 959 581 exoratus
1013 529 1253 581 recessit.
1315 525 1578 580 Obtulifli

100 604 254 656 enim
298 601 635 672 congiarium
656 601 1005 671 gaudentibus
1026 603 1256 671 gaudens
1282 641 1298 665 ‚
1329 601 1576 654 securus·-

106 693 211 745 que
248 677 455 729 securis
476 694 493 734 3
518 678 769 744 quodque
800 691 955 728 antea
983 674 1258 743 Principes
1293 676 1358 727 ad
1386 675 1575 727 odium

105 751 184 801 sui
230 749 554 801 leniendum
587 749 913 803 tumentibus
954 749 1127 817 plebis
1163 748 1356 800 animis
1386 747 1583 811 obiec-

106 824 299 875 tabant
317 861 333 886 ‚
373 822 428 875 id
458 838 519 874 tu
538 836 649 874 tam
683 822 944 876 innocens
983 824 1190 890 populo
1212 821 1396 874 dedisti
1420 820 1581 890 quam

101 899 349 964 populus
385 896 612 963 accepit.
659 894 825 948 Paulo
866 895 1046 949 minus
1072 934 1089 958 ‚
1136 895 1194 947 P.
1231 897 1296 947 C.
1334 894 1580 964 quinque

103 970 282 1021 millia
304 969 667 1038 ingenuorum
688 969 903 1022 fuerunt
923 1008 939 1032 ‚
972 986 1092 1038 quae
1108 968 1395 1021 liberalitas
1415 968 1582 1020 Prin·

101 1043 242 1110 cipis
277 1041 449 1095 nostri
493 1042 831 1111 conquisivit
853 1081 868 1105 ‚
922 1041 1135 1095 invenit
1155 1079 1172 1105 ‚
1208 1040 1448 1094 adscivit.
1500 1040 1581 1094 Hi

101 1116 403 1169 subsidium
434 1117 698 1168 bellorum
719 1154 735 1179 ,
773 1130 1148 1168 ornamentum
1186 1114 1329 1183 pacis
1354 1154 1370 1178 ‚
1400 1113 1575 1183 publi·

103 1189 181 1241 cis
232 1189 542 1257 sumptibus
582 1191 795 1241 aluntur
814 1228 830 1253 ‚
868 1190 1200 1257 patriamque
1237 1203 1353 1241 non
1384 1202 1445 1240 ut
1487 1194 1580 1255 pa·

103 1262 268 1314 triam
311 1262 521 1314 tantum
544 1301 560 1325 ,
592 1261 786 1315 verum
831 1277 892 1314 ut
933 1262 1173 1314 altricem
1219 1277 1393 1313 amare
1446 1276 1584 1313 con·

104 1335 343 1390 discunt.
389 1336 472 1387 Ex
506 1334 591 1389 his
632 1334 791 1388 castra
817 1375 834 1399 ‚
865 1352 938 1387 ex
968 1335 1055 1386 his
1093 1333 1259 1386 tribus
1297 1334 1578 1402 replebun-

106 1421 231 1469 tur·,
267 1425 342 1461 ex
391 1408 477 1461 his
530 1410 848 1478 quandoque
896 1409 1175 1460 nascentur
1192 1447 1208 1470 ‚
1243 1408 1434 1475 quibus
1472 1406 1576 1460 ali·

104 1482 314 1535 mentis
352 1498 492 1550 opus
528 1498 640 1534 non
687 1483 778 1535 sit.
827 1483 978 1534 Dent
1013 1480 1149 1544 tibi,
1194 1481 1402 1546 Caesar,
1440 1496 1574 1533 aeta-

107 1568 220 1607 tem
240 1555 320 1607 dii
360 1572 517 1624 quam
543 1555 762 1608 mereris
778 1594 798 1618 ,
815 1556 1132 1625 serventque
1151 1554 1388 1606 animum
1412 1571 1573 1622 quem

108 1629 376 1681 dederunt
398 1647 411 1681 ι
436 1628 488 1680 &
526 1627 728 1697 quanto
754 1628 1015 1693 maiorem
1056 1627 1340 1680 infantium
1363 1629 1571 1695 turbam

106 1701 315 1754 iterum
368 1716 526 1770 atque
582 1702 777 1754 iterum
819 1701 1029 1755 videbis
1074 1700 1238 1753 incidi
1274 1705 1286 1754 Ξ
1332 1700 1571 1769 Augetur

107 1776 260 1827 enim
291 1775 538 1844 quotidie
566 1774 619 1827 δι
653 1774 867 1838 crescit,
907 1792 1021 1827 non
1052 1774 1177 1843 quia
1212 1772 1442 1826 cariores
1482 1790 1579 1841 pa·

108 1849 361 1902 rentibus
396 1847 587 1912 liberi,
626 1848 717 1902 sed
746 1849 872 1917 quia
903 1848 1140 1917 Principi
1176 1847 1345 1900 cives.
1399 1846 1569 1901 Dabis

105 1921 396 1993 congiaria
426 1923 474 1974 si
507 1923 698 1983 voles3
721 1922 985 1990 praestabis
1021 1922 1271 1974 alimenta
1301 1920 1350 1973 si
1377 1923 1570 1983 vole-33

111 1995 191 2048 illi
230 2012 419 2048 tamen
451 2011 673 2063 propter
698 2011 750 2047 te
775 1996 1073 2048 nascuntur.

181 2068 404 2122 XXIX.
461 2067 625 2120 Instar
685 2085 789 2138 ego
844 2068 1092 2137 perpetui
1139 2066 1402 2137 congiarii
1452 2084 1576 2120 reor

115 2143 457 2196 affluentiam
480 2158 727 2194 annona.
768 2141 940 2208 Hujus
963 2141 1247 2210 aliquando
1272 2158 1396 2194 cura
1414 2140 1571 2194 Pom·

109 2217 246 2285 peio
288 2232 405 2268 non
440 2216 615 2268 minus
657 2214 856 2267 addidit
898 2215 1086 2285 gloriae
1126 2254 1145 2278 ,
1188 2232 1348 2283 quam
1384 2215 1568 2283 pulsus

107 2289 352 2349 ,ambitus
398 2305 628 2357 campo,
674 2288 891 2341 exaQus
944 2287 1110 2341 hostis
1163 2288 1298 2340 mari
1330 2327 1349 2350 ,
1386 2288 1569 2343 oriens

111 2362 408 2432 triumphis
450 2362 805 2430 occidensque
845 2361 1105 2420 lustratus.
1161 2363 1277 2414 Nec
1307 2359 1443 2414 vero
1476 2362 1571 2417 ille

111 2437 336 2490 civilius
376 2435 535 2504 quam
574 2453 765 2504 parens
800 2434 1019 2496 noster,
1054 2433 1402 2498 au&oritate‚
1444 2451 1570 2488 con·

112 2510 247 2563 silio
271 2550 288 2573 ‚
324 2508 429 2561 fide
468 2509 686 2561 reclusit
722 2509 877 2571 vias,
920 2523 1108 2576 portus
1149 2508 1398 2576 patefecit
1421 2546 1436 2570 ‚
1475 2508 1570 2561 iti·

113 2601 247 2637 nera
281 2583 439 2634 terris
465 2620 481 2645 ‚
522 2582 792 2634 littoribus
832 2598 977 2633 mare
1009 2620 1024 2643 ‚
1061 2581 1247 2633 littora·
1289 2581 1422 2634 mari
1458 2582 1572 2633 red-

113 2658 253 2709 didit
288 2695 305 2720 ‚
354 2656 691 2723 diversasque
731 2670 915 2724 gentes
963 2654 1038 2706 ita
1067 2655 1394 2707 commercio
1450 2654 1570 2706 mis·

113 2731 231 2784 cuit
254 2770 271 2794 ‚
311 2744 371 2781 ut
414 2729 561 2797 quod
593 2728 832 2798 genitum
864 2727 991 2780 effet
1034 2728 1252 2795 usquam
1273 2766 1294 2791 ,
1333 2728 1392 2779 id
1428 2728 1572 2795 apud

116 2820 313 2856 omnes
362 2817 546 2853 natum
590 2798 693 2853 efi‘e
750 2802 1039 2854 videretur.
1090 2802 1311 2855 ·Nonne
1353 2817 1570 2854 cernere

115 2878 273 2934 datur
299 2914 316 2939 ,
344 2890 406 2927 ut
441 2875 558 2928 sine
592 2874 753 2927 ullius
792 2874 984 2938 iniuria
1028 2873 1209 2925 omnis
1243 2874 1423 2925 usibus
1448 2873 1570 2925 nos·

118 2950 218 3007 tris
251 2965 424 3004 annus
454 2949 748 3004 exuberet?
782 2949 1000 3018 Quippe
1021 2963 1135 3002 non
1152 2984 1170 3012 ‚
1191 2962 1249 2999 ut
1269 2964 1342 3001 ex
1360 2946 1566 3003 hostico
