1951 3720
337 272 473 322 112
643 250 927 320 CAII
997 250 1456 321 ΡιιΝιτ

323 375 530 426 cabant.
580 370 710 424 Asta
745 371 898 425 causa
936 371 1049 426 est:
1084 371 1222 425 dixit
1256 373 1509 426 heredum
1550 373 1765 427 advoca

326 460 412 499 tus
438 484 455 509 ,
485 444 672 499 deinde
708 445 898 514 populi
921 464 938 499 z
966 460 1191 516 uterque
1219 445 1618 514 percommode.
1656 448 1762 499 (ζει

323 520 481 572 cilius
508 520 696 572 Strabo
715 518 902 571 aerario
935 519 1139 572 censuit
1173 519 1537 573 inferendum:
1562 520 1765 574 Baebius

322 593 509 646 Macer
546 593 824 647 heredibus
862 594 1110 646 dandum.
1155 593 1409 646 Obtinuit
1435 595 1643 647 Strabo.
1685 594 1766 646 Tu

320 667 477 720 lauda
507 665 911 730 Marcellinum,
943 681 1007 718 ut
1043 682 1146 737 ego
1180 665 1353 718 statim
1386 667 1508 723 feci.
1559 668 1763 733 Quam·

322 740 413 792 vis
463 740 608 792 enim
649 739 850 793 abunde
902 740 1120 792 sufficiat
1157 739 1237 792 illi
1277 779 1293 804 ‚
1342 739 1487 808 quod
1530 739 1604 792 est
1647 740 1700 792 δι
1739 757 1768 792 a

321 813 568 881 Principe
612 814 666 867 ὃ(
704 831 734 866 a
768 816 952 866 senatu
987 815 1239 881 probatus
1266 853 1280 877 ‚
1317 812 1563 883 gaudebit
1591 827 1768 864 tamen

319 887 636 940 testimonio
673 901 788 940 tuo.
832 888 1042 939 Omnes
1066 887 1212 940 enim
1238 926 1252 950 ‚
1277 888 1372 956 qui
1408 885 1583 956 gloria
1615 885 1770 938 fama·

319 977 428 1029 que
447 962 707 1012 ducuntur
727 1001 740 1025 ,
766 960 961 1012 mirum
986 960 1043 1011 in
1071 963 1291 1013 modum
1315 958 1542 1012 affensio
1577 960 1633 1011 δε
1658 961 1771 1012 laus

320 1050 354 1085 a
388 1033 685 1086 minoribus
735 1035 896 1087 etiam
931 1034 1170 1102 profecta
1215 1033 1456 1087 deleant.
1504 1034 1587 1085 Te
1639 1031 1771 1085 vero

321 1107 672 1161 Marcellinus
709 1109 782 1160 ita
806 1122 1080 1160 reveretur
1100 1147 1117 1172 ,
1147 1123 1210 1160 ut
1237 1106 1438 1174 judicio
1470 1121 1571 1159 tun
1602 1104 1773 1174 pluri·

315 1181 473 1234 mum
514 1181 727 1236 tribuat.
770 1181 986 1234 Accedit
1020 1180 1135 1245 his,
1174 1178 1318 1250 quod
1359 1180 1408 1233 si
1447 1178 1773 1250 cognoverit

315 1254 518 1307 fastum
554 1255 707 1308 suum
748 1254 848 1308 isto
880 1255 1047 1322 usque
1086 1252 1377 1322 penetraffe
1401 1293 1416 1318 ‚
1463 1251 1673 1306 necefl'e
1702 1251 1774 1305 est

322 1328 493 1381 laudis
519 1328 622 1380 suae
652 1329 825 1397 spatio
858 1329 911 1379 δι
933 1327 1087 1380 cursu
1123 1329 1177 1380 &
1218 1326 1654 1397 peregrinatione
1689 1328 1775 1378 lae-

322 1414 482 1454 tetur.
515 1402 727 1455 Etenim
764 1402 943 1454 nescio
969 1417 1079 1469 quo
1102 1400 1259 1469 pacto
1291 1403 1385 1453 vel
1414 1398 1582 1469 magis
1601 1397 1776 1453 homi·

323 1490 420 1528 nes
453 1473 605 1540 juvat
637 1475 810 1545 gloria
827 1477 933 1527 lata
952 1473 1113 1543 quam
1126 1490 1342 1545 magna.
1364 1474 1523 1529 Vale.

450 1594 635 1650 x111.
677 1595 1013 1648 Puruus
1051 1596 1365 1648 ΤΑοιτο
1410 1608 1554 1648 suo
1596 1596 1661 1651 S.

324 1719 488 1789 Rogat
526 1718 777 1775 Tacitum,
798 1733 851 1768 ut
891 1713 1237 1785 circumspiciat
1259 1734 1571 1786 praeceptores
1602 1714 1781 1784 schole

393 1793 593 1864 publica
616 1811 675 1843 ex
700 1792 900 1843 consilio
922 1788 1014 1860 suo
1038 1792 1083 1842 6·
1104 1791 1424 1862 munificentia
1443 1791 1740 1856 instituendae
1759 1829 1780 1857 ,

401 1869 530 1936 apud
560 1864 826 1934 Comenses·
1828 1874 1834 1878 ⁴

330 1953 630 2046 SAtvum
672 2005 726 2043 te
763 1991 821 2042 in
856 1990 1039 2044 urbem
1061 1989 1263 2044 veniffe
1288 1992 1509 2062 gaudeo.
1559 1990 1776 2044 Venisti

323 2079 501 2117 autem
524 2104 538 2128 ‚
576 2065 623 2118 si
643 2066 856 2133 quando
884 2063 1012 2117 alias
1033 2103 1048 2127 ‚
1081 2081 1223 2118 nunc
1250 2064 1484 2117 maxime
1515 2062 1656 2115 mihi
1694 2067 1782 2117 de·

324 2136 601 2191 sideratus.
647 2138 763 2206 Ipse
794 2134 1033 2206 pauculis
1059 2138 1225 2190 adhuc
1261 2138 1441 2190 diebus
1478 2138 1538 2190 in
1573 2137 1777 2191 Tuscu-

322 2213 452 2263 lano
492 2213 866 2264 commorabor
886 2251 901 2275 ‚
939 2225 1001 2263 ut
1050 2212 1365 2279 opusculum
1407 2211 1554 2278 quod
1601 2209 1681 2262 est
1720 2210 1779 2262 in

324 2286 565 2337 manibus
592 2324 608 2348 ‚
648 2286 935 2337 absolvam.
982 2285 1194 2338 Vereor
1230 2285 1374 2337 enim
1410 2300 1478 2336 ne
1502 2322 1519 2346 ‚
1553 2284 1601 2335 si
1639 2284 1777 2336 hanc

323 2357 684 2411 intentionem
720 2357 825 2422 iam
865 2358 922 2410 in
956 2358 1125 2410 finem
1149 2361 1405 2412 laxavero
1425 2397 1440 2420 ,
1468 2355 1609 2427 aegre
1634 2358 1779 2411 resu-

324 2447 486 2484 mam.
523 2431 743 2487 Interim
759 2471 774 2496 ‚
795 2450 863 2484 ne
884 2431 1017 2501 quid,
1032 2431 1361 2484 festinationi
1382 2447 1515 2483 meae
1543 2445 1732 2498 pereat
1760 2470 1778 2495 ‚

324 2507 472 2572 quod
501 2505 615 2556 sum
652 2506 881 2573 praesens
917 2505 1180 2573 petiturus
1201 2545 1215 2569 ‚
1238 2507 1336 2556 hac
1360 2504 1511 2573 quasi
1539 2520 1777 2573 praecur·

324 2578 466 2630 soria
524 2578 746 2646 epistola
796 2595 950 2648 rog0.
1024 2580 1125 2631 Sed
1171 2578 1320 2646 prius
1369 2577 1547 2645 accipe
1593 2578 1775 2629 causas

323 2651 594 2721 rogandi,
649 2652 836 2705 deinde
884 2653 1061 2719 ipsum
1116 2653 1262 2720 quod
1299 2666 1447 2719 peto.
1513 2649 1775 2703 Proxime

313 2741 494 2792 -quum
525 2724 582 2776 in
618 2726 784 2793 patria
828 2742 945 2777 mea
972 2724 1052 2777 fui
1073 2765 1087 2789 ‚
1127 2724 1282 2778 venit
1319 2727 1384 2777 ad
1419 2740 1505 2777 me
1542 2725 1775 2776 salutan-

326 2798 453 2849 dum
503 2799 788 2867 municipis
835 2798 943 2850 mei
995 2797 1138 2850 filius
1196 2813 1559 2867 praetextatus,
1629 2798 1777 2850 Huic

301 2887 430 2943 ego
453 2910 470 2938 ,
509 2872 733 2932 Studes?
769 2871 1005 2942 inquam.
1038 2868 1369 2943 Respondit,
1407 2873 1589 2927 Etiam.
1624 2871 1777 2924 Ubi?
