1951 3720
440 270 1025 365 EPISToLAE.
1072 294 1333 366 Lib.11.
1518 314 1599 393 55

168 412 625 482 opportunitatem
659 411 768 463 loci
801 451 816 475 ‚
857 412 1058 465 littoris
1099 414 1344 480 spatium.
1401 416 1605 467 Decem

168 488 436 555 &septem
473 486 711 538 millibus
744 484 982 553 paffuum
1006 489 1226 539 ab‘urbe
1262 488 1509 547 secessim
1549 504 1609 541 ut

167 561 383 628 perastis
417 576 535 629 quae
562 561 762 628 agenda
794 559 1028 622 fuerint,
1068 561 1218 612 salvo
1248 559 1352 619 iam
1388 562 1440 612 &
1468 578 1610 613 com-

165 635 340 700 posito
364 635 454 686 die
479 672 496 695 ‚
534 632 715 700 possis
756 632 829 684 ibi
864 650 1094 686 manere.
1135 633 1325 684 Aditur
1359 651 1472 687 non
1507 635 1608 686 una

165 706 436 759 viaznam
476 707 532 758 ὃ(
561 706 879 757 Laurentina
926 707 979 757 &
1017 707 1278 759 Ostiensis
1315 705 1502 760 eodem
1540 708 1613 761 fe-

166 795 280 830 runt
304 819 319 842 ‚
355 781 448 831 sed
484 780 804 831 Laurentina
851 796 880 831 a
934 780 1333 848 quartodecimo
1383 780 1555 849 lapide
1592 820 1610 845 ‚

167 851 425 905 Ostiensis
469 854 534 904 ab
571 852 858 904 undecimo
894 853 1237 922 relinquenda
1266 854 1355 907 est.
1400 855 1611 906 Utrim-

169 941 265 992 que
283 924 492 994 excipit
524 923 625 976 iter
643 925 817 994 aliqua
850 942 919 978 ex
951 942 1099 994 parte
1118 928 1395 980 arenosum
1418 967 1434 990 ‚
1464 926 1611 992 junc-

165 998 230 1050 tis
274 997 440 1066 paulo
483 999 698 1067 gravius
743 1000 796 1050 δι
839 999 1052 1068 longius
1093 1039 1108 1063 ‚
1162 1017 1304 1070 equo
1345 1002 1506 1052 breve
1553 1002 1609 1052 &

165 1073 341 1124 molle.
378 1071 548 1122 Varia
575 1072 700 1123 hinc
722 1087 879 1140 atque
902 1072 1022 1124 inde
1042 1073 1218 1126 facies,
1268 1074 1406 1125 Nam
1444 1073 1610 1126 modo

167 1145 564 1196 occurrentibus
603 1144 755 1197 silvis
786 1146 876 1197 via
906 1145 1200 1198 coarctatur
1222 1186 1238 1209 ,
1271 1144 1436 1199 modo
1469 1147 1615 1198 latis·

169 1215 310 1269 simis
334 1216 508 1285 pratis
542 1216 852 1270 diffunditur
876 1220 926 1270 δε
964 1220 1200 1287 patescit.
1242 1220 1406 1271 Multi
1426 1236 1611 1288 greges

165 1290 349 1341 ovium
375 1329 392 1354 ‚
433 1292 604 1342 multa
638 1291 711 1342 ibi
740 1308 1002 1359 equorum
1032 1292 1300 1360 boumque
1335 1308 1569 1344 armenta
1593 1310 1613 1352 ·,

164 1379 276 1431 quae
313 1363 598 1415 montibus
632 1365 806 1416 hieme
831 1366 1043 1432 depulsa
1067 1405 1082 1429 ,
1121 1365 1294 1417 herbis
1335 1366 1387 1417 &
1424 1381 1613 1433 tepore

162 1453 330 1488 verno
355 1436 644 1490 nitescunt.
692 1438 836 1489 Villa
866 1438 1047 1503 usibus
1079 1455 1243 1507 capax
1263 1478 1277 1500 ‚
1304 1456 1416 1490 non
1439 1440 1615 1508 sump-

164 1510 309 1562 mosa
347 1511 553 1562 tutele:
581 1509 729 1573 cujus
754 1511 811 1561 in
833 1512 1003 1578 prima
1039 1528 1187 1580 parte
1210 1513 1401 1563 atrium
1430 1513 1569 1581 frugi
1598 1551 1613 1576 ,
1691 1550 1694 1553 Δ

163 1599 256 1635 nec
290 1599 478 1635 tamen
513 1583 817 1635 sordidum:
854 1585 1043 1636 deinde
1082 1585 1320 1653 porticus
1352 1585 1411 1636 in
1442 1587 1494 1636 D
1530 1586 1616 1639 lit·

163 1670 284 1709 terae
302 1657 721 1708 similitudinem
752 1656 1079 1710 circuma&ae
1101 1677 1114 1710 t
1137 1659 1327 1726 quibus
1347 1659 1568 1726 parvula
1598 1698 1615 1722 ,

165 1729 250 1781 sed
293 1729 490 1782 festiva
537 1746 657 1782 area
694 1730 1008 1794 includitur,
1052 1731 1323 1801 egregium
1365 1731 1613 1784 adversus

164 1804 502 1873 tempestates
533 1806 920 1872 receptaculum
943 1823 956 1857 :
984 1821 1104 1856 nam
1126 1803 1481 1873 specularibus
1501 1844 1515 1869 ‚
1553 1821 1614 1856 ac

164 1877 334 1931 multo
357 1878 533 1947 magis
565 1877 965 1931 imminentibus
992 1877 1143 1930 testis
1166 1877 1496 1930 muniuntur.
1530 1877 1616 1929 Est

167 1965 347 2003 contra
379 1952 585 2003 medias
605 1952 896 2020 cavaediutn
922 1951 1119 2003 hilare:
1154 1967 1288 2003 mox
1319 1951 1614 2003 triclinium

170 2023 285 2076 satis
329 2026 617 2093 pulchrum
644 2064 658 2087 ‚
696 2027 841 2093 quod
876 2025 932 2075 in
969 2023 1119 2076 littus
1155 2024 1389 2075 excurrit
1422 2044 1435 2075 ε
1473 2041 1530 2075 ac
1568 2024 1616 2076 si

170 2100 377 2164 quando
417 2099 604 2149 Africo
643 2116 784 2149 mare
833 2097 1117 2165 impulsum
1156 2096 1264 2161 est,
1302 2096 1479 2150 fractis
1508 2096 1616 2162 jam

172 2171 221 2222 &
263 2170 588 2223 novissimis
633 2170 875 2223 fluctibus
927 2171 1122 2223 leviter
1156 2170 1387 2223 alluitur.
1451 2170 1618 2222 Undi-

171 2259 271 2311 que
328 2246 521 2296 valvas
571 2259 661 2296 aut
704 2244 948 2297 fenestras
996 2245 1122 2295 non‘
1151 2244 1388 2295 minores
1436 2244 1616 2296 valvis

169 2316 361 2370 habet:
409 2333 569 2386 atque
613 2318 684 2368 ita
730 2335 760 2368 a
811 2318 1060 2369 lateribus
1103 2318 1153 2368 δι
1195 2336 1221 2368 a
1259 2317 1433 2369 fronte
1467 2316 1619 2386 quasi

172 2391 265 2441 tria
308 2390 480 2442 maria
514 2390 847 2458 prospectam
885 2408 914 2441 a
950 2405 1102 2458 tergo
1142 2391 1464 2453 eumedium,
1498 2407 1622 2458 por·

173 2462 333 2515 ticum
359 2503 375 2526 ,
418 2481 635 2523 aream3
667 2464 934 2531 porticum
969 2464 1144 2514 rursus
1168 2502 1182 2526 ,
1217 2481 1350 2515 mox
1386 2463 1578 2515 attium
1602 2503 1619 2527 ,

174 2535 333 2588 silvas
382 2538 437 2589 δι
477 2536 806 2606 longinquos
851 2536 1065 2603 respicit
1107 2552 1339 2589 montes.
1381 2535 1553 2601 Hujus
1591 2554 1621 2588 a

172 2610 305 2661 laeva
347 2609 626 2662 retrafiiius
679 2607 839 2677 paulo
880 2609 1179 2661 cubiculum
1221 2609 1294 2661 est
1340 2613 1574 2678 amplum
1604 2626 1652 2667 ·‚‚

174 2683 360 2734 deinde
381 2683 526 2734 aliud
549 2684 724 2734 minus
747 2722 761 2744 ‚
789 2685 932 2750 quod
957 2682 1120 2734 altera
1143 2682 1363 2734 fenestra
1389 2681 1622 2734 admittit

175 2755 439 2807 orientem
462 2794 477 2818 ,
521 2756 852 2807 occidentem
902 2754 1065 2807 altera
1112 2755 1323 2807 retinet.
1380 2756 1509 2806 Haec
1568 2754 1621 2805 δι

176 2827 441 2892 subjacens
493 2846 637 2880 mare
684 2827 897 2896 longius
953 2829 1165 2897 quidem
1192 2869 1206 2891 ‚
1263 2829 1351 2879 sed
1387 2825 1620 2879 securius

177 2899 427 2957 intuetur.
462 2901 638 2969 Hujus
664 2901 890 2955 cubiculi
915 2903 967 2955 &
990 2901 1211 2955 triclinii
1244 2901 1387 2953 illius
1409 2899 1621 2967 objectu

1239 2977 1280 3027 C
1312 2975 1371 3026 iv
