1951 3720
396 240 666 308 EPJS
702 254 1019 307 ToLAE.
1056 238 1336 309 Lib.III.
1493 238 1580 336 85

170 374 331 414 tamen
384 378 453 412 ne
493 361 716 413 modum
758 362 981 413 excedat
1012 399 1028 425 ‚
1077 377 1236 429 quem
1291 358 1593 430 benignitas

172 434 270 499 ejus
295 436 315 502 (
345 433 468 486 illuc
486 435 636 487 enim
653 435 794 486 unde
824 434 968 502 coepi
1005 434 1292 499 revertor)
1317 435 1597 487 nonsolet

175 522 349 561 tenere.
385 509 524 560 Nam
557 507 615 559 in
642 510 748 560 hoc
770 524 883 559 uno
915 509 1182 559 interdum
1203 546 1219 570 ,
1244 506 1334 560 vir
1355 507 1597 576 alioquin

175 581 596 648 prudentissimus
632 621 648 646 ‚
689 580 914 633 honesto
961 580 1178 649 quidem
1209 620 1225 645 ‚
1273 581 1362 632 sed
1418 595 1597 632 tamen

176 670 330 707 errore
358 656 600 707 versatur
618 694 634 719 ‚
668 653 814 723 qubd
831 654 1002 723 pluris
1023 654 1225 707 amicos
1257 653 1381 707 suos
1403 693 1418 718 ,
1441 653 1601 723 quam

177 726 278 779 sunt
295 767 311 792 ‚
351 729 655 782 arbitratur.
696 730 859 782 Vale.

277 848 418 903 XII.
460 848 797 903 ptumus
842 849 1185 900 CATILIO
1228 860 1374 901 suo
1415 848 1472 902 S.

237 969 465 1023 Inritatus
506 974 572 1021 ad
621 987 793 1021 coenam
816 1003 831 1029 ,
880 970 1061 1036 qualem
1104 969 1242 1021 illam
1277 969 1362 1038 effe
1412 969 1535 1021 velie

735 1060 1017 1133 paciscitur.

182 1172 484 1268 VENIAM
509 1212 573 1264 ad
604 1227 814 1264 coenam
838 1228 851 1261 ε
895 1210 985 1262 sed
1012 1207 1117 1274 iam
1142 1225 1283 1262 nunc
1318 1209 1567 1277 paciscor
1591 1219 1613 1274 ‚'

177 1281 239 1334 sit
268 1285 513 1354 expedita
539 1325 555 1348 ,
594 1286 665 1337 sit
704 1300 901 1353 parca:
943 1283 1231 1336 Socraticis
1258 1283 1459 1336 tannim
1500 1284 1612 1335 ser·

180 1360 410 1411 monibus
430 1360 694 1418 abundet·‚
722 1359 779 1410 in
801 1357 885 1409 his
910 1374 1126 1427 quoque
1157 1371 1335 1409 teneat
1365 1358 1613 1411 modum.

180 1429 326 1484 Erunt
362 1433 537 1485 officia
578 1434 924 1492 antelucana,
968 1430 1028 1482 in
1063 1448 1179 1499 quae
1218 1430 1454 1482 incidere
1498 1430 1605 1496 im·

181 1504 303 1573 pune
337 1523 403 1558 ne
431 1505 628 1558 Catoni
660 1505 878 1575 quidem
904 1504 1097 1563 licuit3
1132 1521 1291 1572 quem
1332 1519 1510 1556 tamen
1546 1505 1610 1557 C.

185 1580 337 1632 Caesar
373 1579 448 1631 ita
467 1579 806 1647 reprehendit
825 1592 881 1629 ut
902 1580 1095 1630 laudet.
1131 1577 1400 1629 Describit
1425 1577 1569 1629 enim
1596 1616 1612 1641 ‚

182 1666 264 1705 eos
304 1654 495 1721 quibus
540 1652 736 1705 obvius
777 1652 947 1703 fuerat
991 1691 1005 1714 ‚
1058 1667 1222 1719 quum
1270 1666 1429 1717 caput
1477 1649 1616 1701 ebrii

183 1725 471 1778 retexissent
494 1766 509 1790 ‚
552 1723 809 1779 erubuiffe
842 1744 855 1777 ε
896 1723 1085 1776 deinde
1136 1721 1316 1788 adjicit
1340 1761 1356 1786 ,
1407 1722 1614 1773 Putares

185 1817 264 1849 non
284 1801 337 1850 ab
364 1801 465 1852 illis
491 1804 713 1851 Catonem
738 1835 755 1857 ,
775 1797 865 1866 sed
884 1799 1000 1848 illos
1021 1816 1051 1846 a
1084 1801 1263 1848 Catone
1293 1793 1615 1866 deprehensos.

185 1871 418 1927 Potuitne
453 1876 575 1943 plus
611 1872 940 1926 austoritatis
979 1871 1143 1924 tribui
1178 1871 1412 1931 Catoni,
1454 1870 1625 1939 quam-

188 1946 226 1997 si
258 1949 425 2001 ebrius
470 1964 685 2017 quoque
717 1962 823 1999 tam
861 1945 1183 1998 venerabilis
1220 1948 1370 1997 erat?
1409 1943 1613 1996 Nostrae

187 2031 345 2072 tamen
379 2038 547 2073 coenae
573 2036 632 2072 ut
651 2020 925 2089 apparatfis
960 2021 1013 2071 ὅ(
1045 2018 1302 2086 impendii
1328 2057 1343 2081 ‚
1377 2018 1455 2071 sic
1478 2033 1615 2069 tem-

188 2096 318 2159 poris
364 2097 556 2147 modus
606 2094 825 2147 constet.
891 2095 1078 2162 Neque
1123 2092 1268 2144 enim
1311 2092 1352 2144 ii
1393 2092 1573 2143 sumus
1602 2130 1620 2155 ,

189 2182 309 2232 quos
338 2169 641 2236 vituperare
662 2185 730 2219 ne
762 2166 971 2219 inimici
997 2166 1211 2235 quidem
1234 2164 1448 2234 possint
1471 2205 1486 2230 ,
1508 2164 1617 2217 nisi

189 2253 241 2290 ut
272 2240 424 2293 simul
458 2244 692 2296 laudent.
737 2241 894 2295 Vale.

280 2363 453 2418 XIIs.
495 2364 826 2416 Ptuuus
866 2361 1216 2413 Romano
1260 2373 1406 2413 suo
1447 2361 1503 2415 S.

192 2483 515 2556 Panegyricum
549 2485 822 2555 imperatori
849 2483 1056 2548 Trojano
1090 2483 1256 2533 dietum
1286 2483 1619 2534 emendandum

805 2575 971 2628 mittit.

197 2675 270 2767 L
290 2731 540 2771 IBRUM
584 2733 694 2784 quo
726 2732 894 2783 nuper
924 2714 1137 2783 optimo
1169 2713 1405 2782 Principi
1434 2716 1618 2768 consul

117 2846 124 2855 ,
197 2789 376 2855 gratias
406 2790 643 2860 egimisi
665 2787 903 2858 exigenti
933 2788 1067 2851 tibi,
1101 2786 1346 2840 miffurus
1377 2789 1479 2841 etsi
1509 2804 1623 2838 non

196 2862 454 2933 exegiss‘es.
500 2865 564 2917 In
603 2865 708 2917 hoc
742 2863 1045 2917 consideres
1087 2862 1257 2915 velim
1296 2876 1358 2915 ut
1386 2859 1621 2930 pulchriff
