1951 3720
441 239 1040 309 EptsToLAE.
1078 241 1221 311 Lib.
1260 243 1343 312 ΙΙ.
1519 244 1644 336 63*

171 356 393 427 deorum
418 396 434 420 ‚
470 374 605 425 quos
630 357 742 425 ipse
767 357 1008 427 quotidie
1037 358 1173 410 fallit
1198 398 1213 421 ‚
1251 358 1309 416 in
1338 372 1493 426 caput
1530 359 1621 410 in·

170 430 336 483 felicis
356 431 510 498 pueri
532 431 827 484 detestatur.
855 429 1095 483 Velleius
1115 432 1339 495 Blaesus,
1357 431 1447 484 ille
1466 435 1623 485 locu-

170 506 279 571 ples
315 505 642 567 consulat-itt,
675 505 975 557 novissima
1012 506 1319 557 valetudine
1342 505 1620 558 εοιιιὶιᾶα-

172 577 356 629 batur:
400 580 645 646 cupiebat
679 593 881 630 mutare
911 578 1299 635 testamentum.
1344 580 1575 662 Regulus
1602 617 1619 643 ‚

174 650 258 718 qui
264 636 536 717 'speraret
567 652 769 720 aliquid
801 667 871 704 ex
901 651 1063 703 novis
1094 651 1326 713 tabulis,
1364 653 1488 719 quia
1522 668 1622 703 nu-

171 739 259 790 per
293 740 510 792 captare
541 742 666 777 eum
695 739 961 793 coeperat,
988 724 1224 776 medicos
1256 726 1494 787 hortari,
1529 741 1621 776 ro·

171 812 284 864 gare
312 836 327 860 ‚
363 815 591 866 quoquo
621 801 787 851 modo
825 798 1069 865 spiritum
1108 799 1319 849 homini
1360 815 1623 867 proroga-

172 885 297 922 rent.
342 870 632 939 Postquam
650 873 921 940 signatum
936 871 1009 922 est
1031 870 1397 923 testamentum
1412 910 1426 933 ‚
1449 885 1620 923 mutat

171 943 451 1010 personam
473 982 489 1006 ‚
520 945 688 996 vertit
717 945 1100 1001 allocutionem
1126 983 1142 1007 ‚
1179 944 1469 1012 iisdemque
1501 961 1619 997 me·

172 1015 290 1068 dicis
312 1055 329 1078 ‚
379 1016 635 1088 Quousque
681 1016 892 1085 miserum
946 1020 1166 1068 cruciatis
1188 1020 1214 1068 ?
1250 1018 1362 1085 quid
1398 1018 1622 1068 invidetis

172 1089 289 1139 bona
322 1108 481 1140 morte
507 1124 522 1150 ,
562 1092 638 1141 cui
658 1094 771 1142 lare
797 1093 944 1141 vitam
978 1111 1073 1142 non
1102 1092 1344 1159 potestis?
1381 1090 1626 1143 Moritur

172 1162 398 1223 Blaesus·‚
438 1164 491 1215 ὃ(
517 1203 535 1226 ,
579 1179 848 1232 tamquam
885 1165 1070 1216 omnia
1110 1162 1329 1216 audiffet
1353 1203 1368 1226 ‚
1406 1164 1622 1233 Regulo

171 1252 232 1288 ne
260 1239 537 1289 tantulum
567 1238 811 1305 quidem:
841 1238 1118 1290 Sufficiunt
1150 1238 1263 1290 duae
1292 1237 1496 1289 fabulae.
1533 1238 1624 1288 An

172 1310 479 1363 scholastica
524 1311 646 1379 lege
691 1311 904 1364 tertiam
944 1312 1121 1379 poscis
1153 1313 1174 1364 ἓ
1216 1310 1290 1363 est
1329 1312 1467 1362 unde
1506 1308 1623 1365 fiat.

172 1385 411 1447 Aurelia,
441 1400 632 1436 ornata
660 1385 895 1447 femina,
927 1383 1583 1469 signaturuestamentum
1604 1422 1626 1449 ,

173 1457 463 1525 sumpserat
498 1461 879 1526 pulcherrimas
911 1460 1134 1511 tunica&
1175 1458 1411 1526 Regulus
1456 1474 1623 1524 quum

174 1530 395 1584 veniffet
433 1532 500 1582 ad
531 1532 880 1601 signandum,
913 1533 1052 1599 Rogo
1091 1533 1112 1599 (
1146 1529 1359 1598 inquit)
1392 1531 1474 1580 has
1510 1531 1629 1580 mihi

174 1605 308 1674 leges.
348 1594 570 1656 Aurelia
588 1607 766 1658 ludere
797 1605 1075 1657 hominem
1096 1606 1338 1671 putabat·
1329 1637 1344 1661 ‚
1363 1602 1452 1654 ille
1482 1601 1627 1656 seris>

173 1676 402 1731 instabat.
453 1678 555 1730 Ne
561 1678 761 1730 multa·
801 1677 981 1747 coegit
1006 1676 1287 1728 mulierem
1305 1676 1509 1743 aperire
1541 1691 1626 1727 ta-

173 1752 310 1804 bulas
332 1792 348 1816 ‚
382 1768 447 1804 ac
484 1751 588 1803 sibi
618 1752 822 1804 tunicas
844 1792 860 1815 ‚
888 1767 1016 1819 quas
1037 1766 1149 1802 erat
1172 1749 1386 1810 induta,
1407 1748 1582 1815 legare
1606 1767 1621 1802 ι

175 1825 478 1879 observavit
499 1824 845 1885 scribentem·,
878 1824 1113 1892 inspexit
1139 1840 1206 1876 an
1225 1819 1524 1891 scripsisset.
1557 1823 1622 1875 Et

175 1901 382 1953 Aurelia
414 1900 635 1968 quidem
663 1899 838 1959 vivit3
866 1898 955 1950 ille
988 1913 1168 1950 tamen
1189 1896 1321 1949 istud
1351 1912 1624 1963 tamquam

179 1974 489 2045 morituram
507 1973 722 2043 coegit:
757 1973 811 2026 &
827 1972 914 2023 hic
939 1971 1285 2033 hereditates„
1306 1971 1392 2022 hic
1411 1971 1584 2038 legata
1605 2010 1628 2034 ,

179 2049 317 2136 quasi
340 2061 641 2110 mereatur,
662 2045 871 2115 accipit.
900 2041 967 2103 A’
963 2043 1053 2105 aa
1076 2040 1500 2134 22'21527a'u0p0m
1487 2062 1545 2096 ιιι
1562 2062 1626 2099 ea

180 2125 429 2188 civitate,
455 2125 514 2176 in
533 2142 636 2192 qua
657 2124 969 2192 jampridem
1004 2142 1116 2177 non
1139 2126 1350 2176 minora
1372 2125 1589 2193 praemia
1605 2162 1629 2187 ,

179 2198 338 2251 immo
390 2197 598 2264 majora
628 2238 645 2262 ‚
688 2197 928 2266 nequitia
964 2200 1017 2249 ὃ(
1054 2198 1369 2265 improbitas
1402 2238 1417 2263 ‚
1462 2215 1627 2268 quam

179 2276 342 2340 pudor
376 2274 432 2324 δι
455 2272 632 2325 virtus
661 2272 898 2325 habent?
930 2271 1154 2339 Adspice
1185 2272 1447 2340 Regulum
1471 2312 1486 2336 ‚
1530 2270 1628 2341 qui

179 2363 244 2397 ex
271 2363 505 2415 paupere
549 2346 603 2397 ὃ(
637 2344 789 2397 tenui
819 2347 882 2397 ad
919 2359 1089 2398 tantas
1127 2361 1258 2413 opes
1297 2361 1392 2413 per
1420 2344 1626 2417 flagitia

180 2419 464 2487 processit,
486 2435 546 2471 ut
569 2419 680 2487 ipse
704 2418 838 2469 mihi
869 2418 1066 2471 dixerit
1088 2458 1103 2481 ‚
1136 2435 1300 2487 quum
1322 2420 1631 2473 consuleret

183 2493 331 2562 quam
351 2491 466 2546 cito
489 2491 782 2545 sestertium
802 2492 1099 2545 sexcenties
1120 2492 1434 2559 impleturus
1454 2492 1584 2546 esset
1604 2530 1628 2557 ,

183 2566 436 2619 invenifl'e
471 2566 579 2618 sese
624 2580 749 2618 exta
789 2565 1020 2633 duplicia
1041 2605 1060 2629 ,
1095 2566 1287 2633 quibus
1328 2565 1624 2633 portendi,

184 2641 370 2693 millies
413 2642 465 2691 ὅ(
510 2639 782 2691 ducenties
822 2640 1141 2692 habiturum.
1192 2640 1258 2690 Et
1293 2639 1505 2694 habebit
1526 2679 1541 2703 ‚
1574 2636 1625 2689 si

186 2714 340 2767 modo
361 2754 376 2777 ‚
413 2727 472 2765 ut
513 2712 681 2782 coepit
703 2752 718 2776 ‚
756 2712 927 2766 aliena
968 2712 1274 2764 testamenta
1307 2712 1328 2780 (
1364 2715 1510 2781 quod
1548 2709 1626 2763 est

185 2786 634 2856 improbissimum
665 2802 830 2857 genus
868 2786 988 2840 falsi
1006 2787 1029 2855 )
1045 2785 1176 2856 ipsis
1203 2825 1218 2850 ,
1245 2802 1477 2855 quorum
1497 2784 1630 2838 sunt

186 2860 268 2913 illa
289 2900 305 2928 ‚
353 2859 654 2915 dictaverit.
694 2861 854 2917 Vale.
