1951 3720
357 348 506 440 416
680 347 1492 417 PANEGYRICUS

360 484 492 522 num
515 469 721 522 armavi
741 489 757 522 τ
773 469 870 522 sed
886 485 956 521 ne
972 470 1195 523 deorum
1216 469 1431 538 quidem
1450 481 1547 520 aut
1570 464 1707 520 iram
1728 482 1809 522 aut

355 542 744 611 negligentiam
763 546 1054 612 deprecor:
1084 543 1264 610 quaeso
1284 543 1458 594 immo
1476 542 1530 594 δι
1550 540 1807 606 obtestor,

357 628 423 665 ut
447 631 516 667 ne
538 632 792 685 umquam
817 632 919 683 pro
943 632 1030 668 me
1048 616 1429 683 votarespubl.
1455 615 1640 667 invita
1657 615 1808 669 susci·

359 687 473 755 piat
492 707 509 746 ς
543 705 633 740 aut
652 690 698 741 si
719 689 1007 757 susceperit
1024 688 1198 742 invita
1216 727 1232 751 ‚
1259 698 1328 742 ne
1344 690 1555 742 debeat.

439 761 690 814 vam.
733 761 896 829 Capis
915 778 1046 831 ergo
1064 801 1080 826 ,
1119 763 1292 814 Caesar
1310 800 1327 824 ‚
1358 761 1548 814 salutis
1572 775 1681 813 tuae
1701 763 1810 830 glo-

360 832 724 889 riosissimum
749 835 977 887 frustum
1004 852 1076 887 ex
1105 835 1365 887 consensu
1395 837 1649 888 deorum.
1684 837 1813 887 Nam

357 922 531 974 quum
567 908 809 976 excipias
827 947 844 972 ,
888 922 949 959 ut
989 906 1063 960 ita
1103 909 1318 960 demum
1358 922 1412 959 te
1449 906 1530 959 dii
1562 908 1781 960 servent
1795 946 1811 971 ‚

349 980 401 1047 fi
439 981 554 1032 bene
592 982 800 1049 rempub.
854 982 900 1031 ὃν
956 999 1018 1031 ex
1074 982 1288 1032 utilitate
1335 982 1541 1032 omnium
1593 983 1777 1031 rexeris
1795 1013 1813 1041 ‚

357 1068 537 1108 certus
558 1070 615 1106 es
635 1069 689 1107 te
707 1055 840 1106 bene
861 1054 1099 1122 rempub.
1123 1071 1306 1124 gerere
1328 1093 1345 1117 ‚
1385 1071 1556 1122 quum
1580 1054 1813 1108 servent.

358 1126 546 1194 Itaque
576 1127 789 1179 securus
812 1127 912 1180 tibi
930 1128 984 1179 δι
1006 1129 1160 1179 latus
1180 1126 1291 1181 dies
1311 1127 1429 1180 exit
1451 1165 1466 1191 ,
1495 1128 1593 1196 qui
1616 1127 1813 1180 Princi-

359 1215 458 1267 pes
490 1199 626 1252 alios
647 1200 771 1253 cura
794 1200 848 1252 δε
864 1215 1013 1252 metu
1035 1199 1310 1253 distinebat
1329 1239 1345 1264 ,
1382 1216 1554 1269 quum
1573 1200 1813 1268 suspensi

358 1273 418 1323 ἃ
440 1273 659 1325 attoniti
680 1311 697 1338 ‚
738 1289 1032 1341 parumque
1063 1272 1259 1326 confisi
1291 1273 1556 1342 patientia
1594 1273 1775 1326 nostra
1798 1313 1814 1338 ‚

356 1344 487 1399 hinc
530 1360 686 1414 atque
723 1346 845 1398 inde
887 1345 1111 1413 publicae
1142 1345 1414 1398 servitutis
1457 1345 1696 1400 nuntios
1730 1363 1815 1400 ex·

358 1418 697 1485 spectarenu
741 1435 801 1470 ac
835 1418 883 1469 si
913 1417 1057 1471 forte
1078 1419 1287 1488 aliquos
1316 1418 1542 1473 flumina
1561 1453 1580 1477 2
1623 1420 1813 1484 nives,

359 1491 515 1547 venti
537 1489 903 1560 proepediffent
927 1530 942 1555 ‚
973 1491 1161 1544 ‚statim
1197 1493 1302 1545 hoc
1327 1493 1460 1544 illud
1494 1491 1604 1545 effe
1638 1495 1816 1546 crede·

357 1564 488 1619 bant
503 1603 517 1627 ‚
545 1566 691 1633 quod
708 1566 1072 1618 merebantur:
1092 1582 1192 1618 nec
1209 1579 1321 1618 erat
1339 1565 1635 1619 discrimen
1651 1567 1816 1619 ullum

360 1637 583 1706 pavoris
605 1676 622 1703 ,
656 1653 941 1707 propterea
958 1638 1106 1707 quod
1128 1657 1292 1709 quum
1321 1657 1351 1691 a
1387 1641 1534 1691 malo
1567 1638 1817 1708 Principe

362 1726 636 1780 tamquam
654 1711 912 1766 succefl‘or
929 1713 1182 1766 timeatur
1200 1712 1441 1782 quisquis
1460 1711 1537 1765 est
1558 1711 1785 1781 dignior
1801 1751 1814 1775 ,

361 1800 528 1852 quum
559 1785 630 1838 sit
665 1802 827 1839 nemo
857 1802 973 1839 non
1009 1786 1222 1856 dignior
1243 1823 1258 1849 ,
1304 1802 1495 1839 omnes
1537 1783 1815 1840 timentur.

361 1857 534 1912 Tuam
548 1859 879 1913 securitatem
893 1876 1006 1912 non
1019 1877 1171 1912 mora
1185 1858 1497 1912 nuntiorum
1513 1899 1530 1923 ‚
1550 1875 1672 1912 non
1682 1859 1817 1912 litte·

359 1949 539 1990 rarum
552 1934 766 1985 tarditas
781 1932 955 1986 differt
971 1952 988 1984 :
1004 1933 1103 1985 scis
1118 1933 1215 1986 tibi
1228 1933 1424 2001 ubique
1436 1932 1598 1996 jurari
1615 1972 1632 1996 ‚
1657 1950 1816 2002 quun

359 2004 473 2072 ipse
486 2004 744 2069 juraveris
758 2006 1026 2059 omnibus.
1038 2008 1213 2060 Nemo
1225 2008 1330 2059 hoc
1343 2022 1457 2058 non
1469 2006 1577 2076 sil-vi
1592 2005 1813 2074 praestat.

359 2081 617 2131 Amamus
642 2079 857 2147 quidem
879 2079 1011 2132 rein
1026 2094 1285 2147 quantum
1306 2079 1559 2132 mereris:
1583 2078 1726 2131 istud
1743 2095 1815 2131 ta·

361 2167 488 2204 rnen
511 2168 625 2203 non
646 2151 727 2204 tui
751 2152 972 2205 facimus
993 2168 1175 2208 amore
1189 2191 1207 2215 ,
1226 2152 1316 2205 sed
1337 2152 1503 2205 nostri
1524 2172 1543 2212 ·,
1576 2168 1680 2205 nec
1698 2169 1816 2205 um·

363 2240 524 2291 quam
544 2225 808 2280 illucescat
825 2226 946 2280 ,dies
963 2265 978 2288 ,
1019 2242 1128 2293 quo
1147 2242 1250 2293 pro
1283 2239 1338 2277 te
1373 2240 1653 2294 nuncupet
1687 2240 1815 2278 vota

361 2312 477 2350 non
494 2297 699 2350 utilitas
713 2296 886 2350 nostra
901 2336 916 2361 ,
933 2296 1171 2351 sed-fides
1188 2337 1202 2360 ‚
1231 2298 1419 2351 Caesar.
1437 2298 1639 2366 Turpis
1654 2301 1816 2351 tutela

365 2369 628 2438 Principis
643 2408 659 2433 ‚
682 2371 770 2423 cui
789 2370 960 2438 potest
973 2371 1245 2439 imputari.
1268 2372 1439 2438 Queri
1450 2371 1585 2424 libet
1600 2371 1817 2440 quodin

361 2443 563 2497 secreta
580 2443 755 2495 nostra
774 2460 886 2497 non
909 2444 1183 2512 inquirant
1204 2444 1477 2512 Principes
1493 2483 1510 2507 ‚
1548 2444 1659 2497 nisi
1680 2461 1814 2513 quos

362 2518 595 2570 odimus.
611 2518 748 2568 Nam
761 2517 808 2569 si
821 2519 1004 2569 eadem
1018 2528 1140 2569 cura
1153 2516 1311 2570 bonis
1326 2556 1341 2581 ,
1357 2535 1474 2587 quae
1493 2518 1655 2571 malis
1667 2517 1816 2582 effer,

362 2590 527 2659 ,quam
561 2590 762 2658 ubique
786 2590 1193 2644 admirationem
1224 2589 1304 2643 tui
1329 2629 1345 2654 ‚
1382 2593 1532 2659 quod
1562 2591 1814 2660 gaudium

364 2663 885 2732 exsultationemque
910 2664 1325 2731 deprehenderes
1360 2668 1373 2717 !
1401 2681 1541 2733 quos
1562 2664 1812 2716 omnium

358 2753 492 2792 ,cum
515 2735 830 2805 conjugibus
857 2752 917 2789 ae
935 2737 1156 2800 liberis,
1191 2753 1328 2806 quos
1366 2737 1531 2790 etiam
1561 2753 1688 2789 cum
1715 2738 1813 2789 do-

365 2810 596 2866 mesticis
625 2810 729 2863 aris
766 2808 1005 2878 focisque
1036 2810 1309 2863 sermones
1342 2812 1354 2863 !
1394 2809 1570 2864 Scires
1611 2809 1813 2861 mollis·

366 2883 520 2938 simis
551 2882 663 2936 istis
697 2883 908 2936 auribus
945 2884 1108 2950 parci.
1150 2885 1215 2936 Et
1251 2882 1494 2952 alioquin
1517 2899 1682 2951 quum
1703 2882 1811 2934 sint

367 2956 553 3014 odium
575 2972 831 3029 amorque
860 2957 1129 3018 contraria
1151 2995 1167 3025 ,
1203 2956 1308 3013 hoc
1342 2971 1603 3026 perquam
1631 2954 1811 3010 simile

751 3145 792 3156 ,n
