1951 3720
342 340 437 411 92
663 316 926 383 CAII
1003 315 1421 383 ΡιιΝιι

337 451 491 500 erat,
530 437 736 507 gravari
768 450 945 489 tamen
984 438 1075 488 vel
1116 436 1315 504 punsto
1351 431 1615 503 temporis
1652 434 1792 488 sole·

338 511 561 576 bamuS,
598 513 835 563 eamdem
858 526 997 562 nunc
1018 512 1071 561 δι
1100 510 1192 592 qui
1224 510 1445 562 recitare
1478 510 1532 560 &
1570 508 1664 592 qui
1697 525 1794 560 au

333 584 453 636 dire
487 584 664 637 triduo
694 584 911 647 velint,
947 582 1338 642 inveniuntur;
1372 599 1485 633 non
1518 582 1641 650 quia
1678 584 1798 633 elo-

339 658 589 725 (Ῑιιεῐιῐίὺε
639 657 797 726 quarn
834 656 1022 725 prius,
1057 656 1143 708 sed
1184 657 1308 724 quia
1344 655 1558 707 liberius
1589 694 1603 718 ,
1642 654 1796 706 ideo-

340 746 445 798 que
482 731 644 782 etiam
676 730 927 784 libentids
953 728 1214 782 scribitur.
1254 731 1481 781 Accedet
1515 745 1646 797 ergo
1682 729 1799 779 hoc

342 819 559 872 quoque
582 805 818 856 laudibus
839 802 1102 871 Principis
1129 801 1292 854 nostri
1315 842 1329 865 ,
1363 800 1509 870 quod
1527 818 1613 853 res
1633 814 1799 852 antea

340 888 449 927 tam
478 876 653 928 invisa
679 876 836 945 quam
872 877 998 929 falsa
1023 914 1038 937 ,
1077 892 1218 926 nunc
1248 890 1309 926 ut
1332 892 1463 927 vera
1488 913 1502 937 ,
1542 875 1615 926 ita
1650 890 1801 925 ama·

341 948 466 1000 bilis
511 949 641 1001 fasta
678 950 767 1002 est.
822 950 925 1001 Sed
964 966 1066 1018 ego
1100 966 1263 1016 quum
1300 948 1525 999 studium
1566 947 1799 999 audien·

340 1020 477 1072 tium
499 1061 513 1085 ,
551 1036 664 1073 tum
688 1021 940 1086 judicium
964 1020 1100 1073 mire
1130 1021 1371 1091 probavi.
1416 1019 1800 1072 Animadverti

335 1094 489 1145 >enim
526 1095 861 1147 severissima
898 1111 1121 1164 quaeque
1169 1097 1261 1146 vel
1297 1093 1531 1146 maxime
1581 1093 1801 1145 satisfa-

341 1183 479 1219 cere.
521 1168 752 1219 Memini
786 1168 1001 1236 quidem
1027 1207 1042 1232 ,
1081 1184 1166 1219 me
1191 1184 1302 1218 non
1337 1165 1519 1218 multis
1549 1165 1799 1218 recitafl‘e

341 1243 491 1308 quod
515 1241 761 1293 omnibus
794 1240 981 1308 scripsi
1003 1260 1018 1300 3
1045 1240 1399 1292 nihilominus
1421 1255 1599 1291 tamen
1615 1279 1630 1302 ,
1658 1254 1802 1291 tam-

343 1330 504 1381 quam
541 1315 611 1365 sit
645 1316 827 1365 eadem
867 1314 1111 1365 omnium
1151 1314 1325 1366 futura
1353 1313 1650 1375 sententia,
1693 1313 1799 1365 hac

341 1385 624 1438 severitate
664 1387 868 1437 aurium
912 1388 1083 1440 laetor.
1133 1387 1211 1438 Ac
1248 1389 1385 1439 sicut
1415 1387 1548 1438 olim
1584 1387 1800 1438 theatra

339 1457 480 1511 male
530 1460 764 1511 musicos
814 1476 1000 1511 canere
1048 1461 1342 1511 docuerunt
1367 1499 1382 1522 ,
1430 1460 1502 1512 ita
1542 1476 1691 1511 nunc
1740 1459 1799 1512 in

342 1531 492 1598 spem
521 1534 751 1584 adducor
769 1532 915 1600 poffe
939 1532 1059 1584 fieri
1079 1572 1094 1596 ,
1129 1549 1188 1584 ut
1211 1535 1394 1584 eadem
1430 1534 1632 1585 theatra
1655 1534 1800 1586 bene

343 1620 530 1658 canere
567 1604 801 1657 musicos
833 1607 1079 1659 doceant.
1125 1606 1332 1658 Omnes
1371 1606 1514 1657 enim
1548 1606 1645 1674 qui
1687 1609 1802 1674 pla·

339 1678 498 1732 cendi
533 1678 686 1731 causa
723 1678 954 1731 scribunt
986 1719 1001 1743 ‚
1047 1680 1222 1747 qualia
1259 1680 1467 1747 placere
1507 1679 1756 1731 viderint
1782 1720 1797 1745 ,

342 1751 591 1804 scribent.
616 1754 693 1804 Ac
730 1752 863 1805 mihi
905 1755 1119 1821 quidem
1149 1752 1372 1805 confido
1390 1753 1447 1805 in
1466 1754 1569 1805 hoc
1595 1771 1800 1823 genere

344 1826 577 1877 materiae
610 1826 831 1878 laetioris
874 1825 978 1878 stili
1019 1826 1251 1879 constare
1282 1826 1544 1879 rationem
1566 1866 1580 1890 ,
1624 1844 1798 1896 quum

343 1914 408 1950 ea
446 1899 626 1966 potins
659 1917 775 1968 quae
797 1900 1031 1967 pressins
1071 1900 1123 1951 &
1161 1899 1449 1954 adstrichfis
1473 1940 1487 1967 ,
1512 1900 1676 1969 quam
1704 1901 1799 1954 ina

347 1988 465 2039 quae
505 1972 723 2024 hilarins
759 1974 811 2024 &
835 1972 986 2040 quasi
1021 1973 1368 2027 exsultantissrs
1404 1974 1621 2041 scripsi,
1659 1992 1796 2042 pos-

345 2045 455 2096 sint
490 2044 662 2097 videri
684 2046 931 2098 arcessita
963 2046 1016 2097 ὅ(
1041 2046 1269 2100 inducta.
1309 2049 1436 2098 Non
1462 2047 1584 2099 ideo
1612 2061 1795 2100 tamen

343 2116 556 2187 ›segnifts
596 2135 784 2186 precor
808 2157 822 2181 ,
856 2133 915 2169 ut
951 2121 1265 2188 quandoque
1289 2119 1472 2171 veniat
1494 2120 1607 2171 dies
1641 2123 1662 2188 (
1690 2122 1796 2173 uti·

351 2207 583 2258 namque
613 2190 716 2254 jam
754 2191 1002 2258 venerit)
1035 2210 1143 2260 quo
1179 2192 1390 2245 austeris
1427 2192 1535 2244 illis
1574 2193 1796 2246 severis·

348 2281 452 2331 que
488 2264 657 2316 dulcia
692 2266 806 2316 haec
841 2266 1131 2332 blandaque
1168 2269 1258 2318 vel
1303 2265 1432 2330 justa
1455 2265 1794 2333 possessione

347 2339 615 2390 decedant.
652 2338 823 2389 Habes
854 2337 965 2389 aCta
985 2355 1101 2389 mea
1121 2339 1277 2391 tridui
1300 2357 1315 2398 ;
1342 2339 1530 2406 quibus
1555 2338 1794 2407 cognitis

349 2409 507 2460 volui
543 2424 748 2469 tantum
772 2425 824 2462 re
853 2411 1149 2478 voluptatis
1183 2414 1484 2474 absentem,
1524 2413 1575 2463 &
1600 2411 1792 2464 fludio·

348 2499 469 2533 rum
510 2484 730 2534 nomine
763 2485 814 2535 &
855 2501 978 2536 meo
1017 2501 1237 2551 capere,
1263 2499 1518 2556 quantum
1558 2486 1788 2554 praesens

352 2555 626 2626 percipere
665 2556 936 2626 potuifl‘eS.
975 2559 1130 2614 Vale.
