1951 3720
337 374 433 442 44
660 353 925 421 CAII
997 350 1419 459 eumz

492 488 564 544 X.
600 491 932 546 Pramus
973 491 1349 546 OcrAvro
1393 504 1541 545 suo
1582 492 1642 546 S.

338 597 534 671 Scripta
565 602 959 659 laudarorzavii
980 641 997 668 ,
1033 625 1219 675 eumque
1258 610 1324 657 ad
1355 623 1411 657 ea
1441 606 1624 656 edenda
1644 637 1661 664 ,
1695 619 1781 653 aut

692 695 867 765 saltem
897 700 1144 752 recitanda
1179 703 1413 753 hortatur.

337 800 446 896 H
466 852 615 891 οΜι
632 854 793 893 REM
822 854 875 893 te
903 841 1226 909 patientem,
1245 844 1337 896 vel
1372 840 1557 910 potius
1588 840 1782 892 durum

338 931 399 968 ac
429 929 565 982 pene
601 916 896 978 crudelem,
930 916 1025 983 qui
1055 931 1162 969 tam
1191 916 1431 985 insignes
1451 914 1620 967 libros
1649 928 1785 965 tam·

339 986 432 1055 diu
451 991 665 1040 teneas!
694 953 986 1057 Quousque
1015 990 1067 1042 &
1086 989 1185 1042 tibi
1211 991 1264 1042 &
1287 988 1445 1042 nobis
1466 985 1774 1049 invidebis,

338 1050 439 1113 tibi
477 1059 712 1112 maxima
743 1062 929 1124 laude,
962 1063 1119 1115 nobis
1155 1061 1477 1131 voluptate?
1516 1058 1643 1113 Sine
1684 1075 1785 1126 per

341 1149 436 1185 ora
469 1132 753 1186 hominum
777 1134 1040 1199 ferantur,
1068 1134 1360 1204 iisdemque
1384 1133 1575 1203 quibus
1597 1130 1786 1201 lingua

340 1198 582 1259 Romana
602 1204 786 1274 spatiis
805 1223 1195 1278 pervagentur.
1221 1224 1409 1278 magna
1430 1204 1578 1259 enim
1601 1206 1786 1275 longa-

341 1293 446 1348 que
471 1278 797 1347 exspeCiatio
821 1278 929 1343 est,
961 1298 1119 1349 quam
1154 1280 1385 1335 frustrari
1418 1279 1584 1332 adhuc
1613 1277 1666 1329 ὃ(
1689 1278 1788 1331 dif-

341 1351 478 1407 ferre
508 1368 621 1405 non
651 1353 825 1406 debes.
857 1353 1190 1408 Enotuerunt
1220 1353 1435 1425 quidam
1460 1351 1541 1404 tui
1563 1350 1783 1413 versus,

344 1425 399 1477 δι
435 1424 614 1479 invito
657 1439 710 1478 te
750 1425 966 1480 claustra
1002 1427 1092 1480 sua
1127 1428 1498 1498 rest-egerunt.
1530 1424 1633 1477 hos
1670 1424 1786 1477 nisi

341 1490 566 1551 retrahis
597 1497 656 1549 in
690 1515 883 1567 corpus
905 1538 921 1563 ‚
953 1503 1303 1570 quandoque,
1321 1515 1381 1551 ιιι
1403 1513 1665 1559 errones,
1692 1497 1788 1549 ali-

343 1586 505 1638 quem
525 1569 671 1635 cuius
703 1571 978 1623 dicantur
962 1575 1262 1625 invenient.
1288 1574 1435 1625 Habe
1454 1586 1578 1624 ante
1595 1573 1787 1623 oculos

345 1643 756 1713 mortalitatem,
788 1660 817 1696 a
849 1661 951 1712 qua
982 1643 1200 1698 asserere
1233 1661 1286 1698 te
1315 1645 1420 1699 hoc
1454 1659 1565 1695 uno
1598 1659 1788 1695 monu-

345 1730 531 1769 mento
569 1730 743 1784 potes.
798 1718 934 1769 Nam
959 1732 1132 1771 cetera
1159 1758 1173 1783 ,
1211 1717 1418 1787 fragilia
1459 1716 1512 1768 ὃ(
1551 1717 1743 1768 caduca
1767 1754 1785 1780 ‚

345 1805 460 1841 non
499 1789 672 1842 minus
716 1789 874 1859 quam
908 1790 1015 1859 ipsi
1047 1791 1298 1844 homines
1319 1830 1335 1855 ‚
1366 1789 1615 1843 occidunt
1651 1789 1789 1842 desi-

345 1878 602 1932 nuntque.
636 1862 801 1917 Dices
826 1881 886 1917 ιιι
903 1864 1044 1918 soles
1065 1904 1080 1930 ,
1104 1867 1259 1916 Amici
1274 1866 1364 1916 mei
1384 1865 1607 1916 viderim.
1631 1862 1787 1931 Opto

344 1936 594 2006 equidem
628 1936 828 1990 amicos
853 1937 952 1990 tibi
977 1953 1084 1991 tam
1120 1937 1339 2001 fideles,
1373 1952 1482 1990 tam
1503 1935 1742 1990 eruditos
1771 1974 1788 2001 ,

347 2019 456 2061 tam
485 2008 818 2074 laboriosos,
861 2025 921 2063 ut
957 2025 1163 2065 tantum
1198 2029 1333 2066 curae
1364 2009 1788 2079 intentionisque

347 2071 607 2150 suscipere
646 2082 698 2134 δι
721 2081 934 2150 possint
955 2085 1008 2137 &
1029 2084 1242 2144 velint·,
1281 2085 1370 2138 sed
1396 2083 1595 2152 dispice
1621 2099 1689 2135 ne
1716 2083 1790 2136 sit

348 2171 536 2223 parum
563 2154 852 2224 providum
882 2155 1087 2225 sperare
1110 2173 1179 2211 ex
1198 2157 1355 2221 aliis,
1387 2159 1532 2226 quod
1554 2155 1653 2209 tibi
1673 2155 1790 2223 ipse

350 2244 466 2280 non
506 2227 735 2297 praestes.
794 2229 860 2281 Et
900 2230 963 2283 de
1001 2229 1239 2284 editione
1276 2230 1489 2300 quidem
1525 2228 1746 2281 interim
1771 2268 1788 2294 ‚

349 2315 410 2354 ut
453 2303 647 2354 voles·
681 2300 842 2355 recita
874 2301 1086 2368 saltem,
1118 2302 1226 2373 quo
1247 2304 1414 2375 magis
1447 2303 1608 2356 libeat
1636 2301 1792 2354 emit-

351 2389 496 2434 tere·‚
516 2389 679 2444 utque
704 2376 914 2429 tandem
932 2377 1193 2446 percipias
1219 2378 1497 2447 gaudium,
1525 2377 1672 2445 quod
1685 2392 1791 2445 ego

351 2446 486 2499 olim
505 2463 605 2515 pro
626 2462 678 2500 te
703 2464 816 2501 non
835 2463 1034 2503 temere
1054 2451 1333 2519 praesumo,
1355 2449 1624 2520 Imaginor
1642 2448 1793 2502 enim

352 2519 445 2589 qui
469 2521 786 2584 concursus,
833 2540 949 2591 quae
986 2524 1267 2577 admiratio
1307 2539 1395 2585 te.
1434 2523 1528 2593 qui
1552 2509 1790 2587 clamor,

353 2595 498 2662 quod
526 2594 691 2647 etiam
724 2596 997 2649 silentium
1038 2612 1278 2656 maneam
1314 2614 1423 2665 quo
1448 2614 1585 2666 ego,
1624 2613 1792 2665 quum

352 2664 474 2717 dico
510 2669 601 2719 vel
624 2668 823 2732 recito,
856 2686 968 2721 non
990 2669 1161 2722 mimis
1185 2687 1343 2739 quam
1363 2672 1594 2722 clamore
1615 2671 1792 2721 delec-

354 2752 476 2791 tor·
465 2774 480 2798 ‚
512 2739 585 2792 sit
619 2740 781 2793 modo
814 2742 1088 2795 silentium
1117 2760 1263 2806 acre,
1299 2745 1351 2795 &
1387 2742 1693 2805 intentum,
1738 2731 1804 2795 δὲ

354 2812 604 2880 cupidum
632 2815 889 2867 ulteriora
935 2815 1198 2868 audiendi.
1239 2817 1360 2869 Hoc
1390 2815 1558 2868 ftuCtu
1595 2831 1747 2868 tanto
1774 2856 1791 2880 ,

356 2898 466 2938 tam
498 2901 711 2953 parato,
744 2888 926 2942 desine
956 2888 1120 2942 studia
1152 2903 1240 2941 tua
1265 2888 1477 2941 infinita
1510 2887 1604 2940 istri
1638 2905 1795 2941 cunc-

356 2957 562 3014 tatione
606 2961 875 3024 fraudare;
909 2978 1027 3032 quae
1075 2979 1239 3034 quum
1279 2965 1499 3017 modum
1538 2963 1753 3015 excedit
1773 3001 1792 3028 ,
