1951 3720
364 287 501 361 266
698 289 958 356 CAII
1032 288 1465 358 PLINII

412 410 598 465 v111.
639 409 973 462 Pennus
1011 410 1448 462 Auounxuo
1491 418 1641 459 suo
1678 407 1728 461 S.

778 530 934 597 Hujus
963 528 1150 599 scripu
1180 532 1368 581 laudat.

287 663 296 673 ¹
367 620 424 712 S
447 669 470 706 1
508 655 745 721 laudatus
781 671 812 705 a
851 670 904 706 te
950 654 1161 706 laudare
1203 668 1255 706 te
1304 668 1526 721 coepero
1550 690 1566 714 ‚
1608 668 1781 703 vereor

360 743 428 779 ne
467 745 581 780 non
626 744 734 778 tam
784 728 1022 795 proferre
1061 726 1318 792 judicium
1364 743 1547 779 meum
1578 764 1593 788 ,
1643 727 1779 792 quam

362 802 556 853 referre
582 803 802 869 gratiam
832 801 1036 853 videar.
1074 801 1177 852 Sed
1208 802 1332 854 licet
1364 801 1549 851 videar
1569 838 1584 862 ,
1622 798 1782 849 omnia

362 875 557 942 scripta
579 890 666 924 tua
696 875 1050 942 pulcherrima
1068 872 1316 925 existimo
1331 913 1347 937 ,
1369 870 1604 924 maxime
1628 887 1782 922 tamen

364 945 457 999 ina
494 965 612 1015 quae
655 950 717 998 de
756 947 928 998 nobis.
993 946 1202 999 Accidit
1234 947 1339 998 hoc
1372 963 1477 998 una
1518 948 1782 1012 eademque

364 1022 429 1072 de
467 1021 635 1072 causa.
680 1021 816 1072 Nam
856 1021 908 1071 &
945 1036 1004 1071 tu
1034 1060 1049 1082 ‚
1085 1036 1202 1088 quae
1239 1023 1302 1071 de
1335 1019 1519 1070 amicis
1546 1056 1562 1081 ‚
1600 1015 1781 1085 optime

363 1092 588 1153 sci-ibin
631 1093 685 1145 &
723 1109 828 1162 ego
867 1111 986 1161 quae
1025 1093 1090 1145 de
1129 1110 1245 1156 me,
1273 1107 1332 1144 ut
1378 1092 1585 1160 optima
1609 1128 1626 1155 ‚
1658 1093 1781 1160 lego.

364 1167 523 1221 Vale.

526 1260 637 1315 IX.
679 1262 1010 1314 Ptnuus
1054 1264 1361 1314 Cotoxu
1402 1275 1549 1314 suo
1590 1262 1644 1315 S.

445 1359 637 1410 Laudat
671 1359 981 1421 constantiam
1021 1359 1217 1409 Colonis
1247 1360 1299 1410 1‘12
1337 1361 1557 1428 deflenda
1589 1374 1725 1410 morte

943 1455 1238 1528 Quinffiani.

378 1539 470 1632 U
491 1578 639 1631 mcii
660 1578 834 1646 probo
857 1575 1004 1646 qubd
1028 1577 1273 1647 Pompeii
1298 1578 1608 1645 Quinfflani
1640 1594 1790 1632 morte

377 1665 487 1704 tam
519 1655 758 1704 dolenter
788 1652 1006 1703 afficeris
1028 1691 1045 1715 ‚
1073 1669 1133 1704 ut
1163 1653 1347 1704 amissi
1378 1655 1644 1706 caritatem
1672 1654 1794 1706 desi-

382 1727 534 1778 derio
572 1727 860 1784 enitendum
892 1741 1006 1776 non
1053 1739 1114 1776 ut
1160 1726 1402 1794 plerique
1424 1766 1438 1789 ,
1476 1728 1571 1796 qui
1613 1728 1795 1778 tannim

377 1801 630 1851 viventes
662 1813 840 1850 amant
861 1838 877 1862 ,
914 1800 1006 1850 seu
1035 1798 1214 1867 potitis
1236 1817 1408 1851 amare
1443 1800 1494 1852 se
1531 1803 1797 1863 simulant,

382 1887 441 1925 ac
491 1889 559 1924 ne
600 1872 858 1932 'simulant
897 1872 1112 1941 quidem
1154 1912 1170 1935 ‚
1220 1873 1324 1925 nisi
1375 1891 1512 1942 quos
1566 1874 1799 1927 florentes

380 1946 610 1998 vident:
648 1962 768 1997 nam
806 1946 1122 1997 miserorum
1144 1985 1159 2007 ‚
1184 1964 1296 1998 non
1325 1947 1470 2000 secus
1508 1963 1567 1999 ac
1605 1948 1800 1999 defunc-

384 2033 565 2070 torum
589 2058 604 2081 ‚
645 2019 1050 2071 obliviscuntur.
1105 2020 1208 2072 Sed
1243 2021 1340 2072 tibi
1371 2021 1619 2088 perennis
1649 2020 1766 2071 fides
1786 2058 1800 2082 ,

384 2106 635 2160 tantaque
672 2093 730 2143 in
765 2109 946 2144 amore
978 2091 1294 2156 constantia,
1326 2108 1386 2144 ut
1414 2092 1560 2145 finiri
1594 2094 1696 2146 nisi
1726 2092 1801 2143 tui

382 2181 559 2217 morte
599 2182 711 2216 non
746 2166 938 2234 possit.
977 2166 1040 2216 Et
1077 2167 1288 2218 hercule
1317 2168 1363 2218 is
1392 2166 1496 2219 fuit
1543 2165 1801 2233 Quinffia-

383 2253 483 2288 nus
506 2278 520 2300 ‚
557 2255 714 2306 quem
738 2238 889 2308 diligi
919 2240 1098 2291 deceat
1116 2243 1368 2307 exemplo
1398 2241 1586 2307 ipsius.
1626 2242 1802 2291 Felices

384 2312 589 2362 amabat
610 2350 625 2373 ‚
662 2312 885 2364 miseros
921 2314 1164 2364 tuebatur
1187 2352 1203 2375 ,
1240 2315 1561 2365 desiderabat
1591 2311 1802 2366 amifl‘oS.

384 2384 502 2436 Jam
541 2384 631 2434 ina
652 2423 667 2447 ,
693 2401 885 2452 quanta
921 2387 1158 2453 probitas
1183 2387 1240 2438 in
1259 2404 1352 2439 ore
1376 2391 1387 2439 !
1424 2402 1620 2455 quanta
1645 2389 1698 2438 in
1724 2387 1805 2437 ser·

384 2473 548 2508 mone
581 2458 851 2510 cunaatio
880 2464 891 2510 !
926 2459 1082 2527 quam
1116 2460 1231 2528 pari
1261 2461 1392 2511 libr&
1413 2462 1648 2529 gravitas
1668 2457 1805 2512 comi-

386 2531 567 2598 tasque
608 2535 619 2582 !
668 2535 809 2598 quod
858 2532 1082 2583 studium
1125 2533 1418 2585 litterarum
1454 2538 1467 2586 ἔ
1510 2531 1658 2602 quod
1690 2531 1805 2595 judi-

385 2602 563 2656 cium!
595 2605 696 2671 qud
721 2606 919 2672 pietate
950 2622 1071 2657 cum
1105 2607 1466 2658 dissimillimo
1499 2622 1650 2673 patre
1668 2606 1805 2657 vive-

383 2676 507 2730 bat!
547 2675 707 2745 'quiim
736 2694 846 2729 non
886 2678 1116 2730 obstabat
1149 2679 1229 2730 illi
1251 2680 1540 2747 quominus
1562 2679 1652 2731 vir
1680 2676 1806 2745 opti·
1886 2691 1887 2720 f

385 2767 505 2800 mus
547 2752 819 2824 videretur
844 2791 857 2812 ,
898 2749 1044 2819 qubd
1090 2767 1201 2804 erat
1241 2752 1479 2820 optimus
1510 2751 1691 2805 filius!
1720 2749 1804 2803 Sed

381 2823 510 2890 quid
552 2824 793 2875 dolorem
830 2840 980 2876 tuum
1035 2828 1285 2878 exulcero
1325 2828 1346 2877 ?
1397 2842 1710 2894 quamquam
1741 2822 1804 2873 sic

382 2895 563 2949 amasti
596 2895 887 2962 juvenem,
923 2913 985 2952 ut
1022 2900 1129 2954 hoc
1163 2898 1347 2969 potitis
1373 2938 1390 2966 ,
1426 2899 1588 2971 quam
1628 2901 1689 2953 de
1722 2895 1804 2951 ino
1886 2887 1887 2954 J
