1951 3720
353 297 807 371 TRAIANO
858 315 1266 371 oter-1754
1388 309 1538 394 429·

127 434 238 488 pore
255 417 454 472 animus
474 420 774 489 imperitet,
797 438 954 490 quem
974 436 1087 473 non
1107 418 1336 473 fortunae
1355 419 1535 474 indul-

126 493 295 563 gentiae
315 496 582 557 molliant,
610 510 721 546 non
743 495 916 562 copiae
935 494 1255 562 principales
1275 496 1339 545 ad
1356 495 1547 564 segni-,

127 566 237 618 tiem
257 569 541 636 luxumque
562 569 910 636 detorqueant
931 586 946 626 3
973 583 1099 620 tunc
1119 584 1221 637 ego
1238 607 1252 632 ,
1273 568 1365 620 seu
1382 585 1535 620 mon-

126 638 246 691 tibus
262 641 350 692 seu
379 641 516 692 mari
546 655 854 693 exerceatur
872 681 887 704 ‚
932 641 987 692 ὅτ.
1015 643 1196 693 Iaeturn
1227 657 1389 709 opere
1412 657 1534 693 cor·

125 727 209 778 pus
228 752 243 776 ,
288 714 340 765 ὅτ
380 714 663 766 crescentia
698 714 963 765 laboribus
1003 714 1236 767 membra
1280 712 1534 769 mirabor.

126 784 281 837 Video
304 786 444 838 enim
463 786 568 851 iam
588 787 708 838 inde
728 786 1019 855 antiquitus
1044 786 1264 838 maritos
1286 787 1497 838 dearum
1515 826 1536 850 ,

127 873 175 910 ac
194 860 398 912 deorum
420 859 618 912 liberos
644 899 659 922 ‚
699 876 795 912 nec
815 859 1071 928 dignitate
1095 859 1397 927 nuptiarum
1417 875 1534 912 ma-

127 931 193 1000 gis
211 970 226 994 ,
256 931 404 1001 quam
430 934 515 985 his
535 933 730 991 artibus
759 931 1073 985 inclaruiffe.
1111 933 1280 984 Simul
1309 931 1493 1003 cogito
1515 971 1535 998 ,

128 1021 266 1072 quum
288 1006 392 1057 sint
410 1005 500 1058 ista
521 1007 672 1058 ludus
696 1007 747 1058 δι
766 1020 1174 1059 avocamentum
1195 1005 1351 1071 hujus
1373 1046 1388 1071 ,
1415 1004 1537 1075 quae'

128 1093 407 1147 quantaeque
426 1080 537 1132 sint
554 1079 660 1132 illae
689 1081 835 1132 seriae
857 1080 910 1131 δι
928 1080 1147 1131 intentae
1170 1118 1185 1141 ‚
1221 1080 1272 1131 ὅ(
1293 1096 1321 1130 a
1341 1080 1536 1148 quibus

127 1150 236 1203 sein
252 1154 347 1204 tale
366 1153 540 1206 otium
564 1152 755 1221 recipit
787 1188 802 1212 ,
844 1155 1172 1220 voluptates.
1215 1152 1351 1203 Sunt
1385 1152 1536 1206 enim

128 1226 400 1293 voluptates
421 1266 436 1290 ,
459 1226 650 1295 quibus
673 1224 880 1293 optime
900 1227 963 1278 de
978 1224 1227 1291 cujusque
1243 1221 1537 1293 gravitare,'

127 1297 366 1351 fanffitate
385 1339 401 1363 ‚
442 1299 804 1367 temperantia·
816 1299 1064 1351 creditur.
1097 1299 1234 1348 Nam
1257 1297 1376 1366 quis
1400 1299 1536 1350 adeo

129 1369 370 1425 diffolutus
394 1412 408 1437 ,
449 1372 601 1437 cujus
619 1389 734 1424 non
753 1371 1196 1440 occupationibus
1219 1373 1393 1439 aliqua
1415 1371 1537 1439 spe-

128 1442 217 1496 cies
234 1446 526 1497 severitatis
542 1446 765 1497 insideat
786 1449 807 1500 .>
841 1445 983 1496 Orio
1003 1443 1296 1512 p'rodimur.
1318 1445 1402 1497 An
1421 1461 1536 1498 non

129 1517 338 1587 plerique
367 1518 642 1587 Principes
689 1519 793 1570 hoc
827 1518 969 1570 idem'
1000 1520 1209 1585 tempus
1242 1517 1299 1568 in
1330 1519 1496 1571 ale'am
1518 1557 1538 1583 ‚

128 1588 303 1659 stupra,
332 1595 521 1644 luxum
540 1592 912 1644 conferebant?
936 1607 1099 1659 quum
1122 1589 1371 1642 seriarum
1390 1593 1540 1645 laxa·

129 1664 282 1717 i'nenta
319 1682 561 1720 curarum
607 1665 870 1718 vitiorum
925 1664 1277 1717 contentione
1325 1664 1540 1735 supple-

128 1753 243 1792 rent.
941 1764 946 1767 ·

188 1812 466 1869 Lxmtm.
505 1814 680 1869 Habet
698 1813 806 1868 hoc
827 1813 1061 1884 primum
1086 1829 1273 1885 magna
1294 1813 1504 1868 fortuna
1517 1824 1542 1881 ‚'

131 1884 253 1951 quod
279 1890 407 1942 nihil
436 1889 640 1942 teckum
663 1928 678 1952 ‚
710 1888 845 1941 nihil
869 1891 1138 1941 occultum
1169 1889 1271 1941 effe
1302 1888 1541 1956 patitui-⁰,

130 1956 402 2030 Principum
423 1961 566 2016 vero
597 1957 712 2014 non
733 1960 904 2015 modo·
921 1963 1111 2013 domos
1133 2002 1147 2024 ,
1184 1963 1273 2014 sed
1302 1961 1539 2014 cubicula

128 2028 221 2098 ipsa
243 2034 610 2105 ‘intimosque'
635 2034 863 2088 ‘r'eceffus
895 2033 1138 2087 ‘recludit
1178 2074 1192 2096 ,
1252 2033 1540 2103 omniaque

129 2117 288 2159 arcana
321 2110 586 2162 noscenda
614 2109 765 2162 famae
805 2107 1079 2177 proponit
1100 2122 1256 2177 atque
1286 2108 1539 2175 explicat.

131 2176 216 2229 Sed
234 2180 322 2232 tibi
340 2221 357 2246 ,
400 2183 582 2236 Caeffir
601 2222 616 2246 ,
654 2182 789 2234 nihil
815 2182 1263 2242 accommodatius
1286 2181 1445 2232 fuerit
1474 2181 1541 2234 ad

127 2249 326 2317 ‘gloriam
340 2295 355 2319 ,
381 2256 544 2325 quam
568 2256 784 2324 penitus
802 2254 1010 2324 inspici.
1032 2254 1165 2305 Sunt
1185 2254 1396 2323 quidem
1411 2270 1542 2322 prae·

129 2324 246 2386 clara
273 2344 391 2398 quae
416 2330 477 2382 in
503 2328 1006 2397 publicum-profers
1028 2366 1043 2390 ,
1077 2327 1165 2379 sed
1187 2343 1298 2379 non
1328 2327 1542 2382 minora

130 2411 181 2449 ea
198 2416 302 2468 quae
320 2403 511 2455 limine
530 2415 699 2455 tenes.
724 2402 807 2454 Est
826 2399 1167 2471 magnificum
1188 2440 1203 2464 ,
1243 2400 1387 2469 quod
1404 2416 1459 2453 te
1475 2404 1542 2455 ab

129 2474 261 2525 'omni
282 2475 601 2546 contagione
638 2475 900 2527 vitiorum
931 2472 1178 2541 reprimis
1204 2490 1261 2526 ac
1284 2490 1503 2527 revocas
1521 2513 1541 2541 ,

133 2543 207 2596 sed
250 2548 670 2618 magnificentius
696 2588 711 2612 ,
758 2547 901 2617 quod
942 2561 1087 2599 tuos.
1135 2547 1355 2612 Quanto
1393 2548 1540 2600 enim

130 2619 278 2688 magis
305 2625 521 2686 arduum
548 2621 620 2674 est
651 2621 787 2673 alios
814 2619 1052 2690 praestare
1081 2620 1237 2688 quam
1262 2621 1315 2672 se
1334 2660 1350 2684 ,
1389 2620 1541 2674 tanto

128 2689 448 2759 laudabilius,
483 2694 627 2765 quod
647 2694 1004 2763 ‚2quum2ipse
1034 2694 1106 2744 sis
1128 2693 1394 2761 optimus,
1429 2701 1545 2746 om*-

130 2773 212 2815 nes
229 2765 360 2820 circa
378 2782 430 2820 te
451 2769 652 2820 similes
672 2767 750 2819 tui
776 2766 1012 2819 effecisti.
1049 2767 1240 2818 Multis
1261 2765 1542 2821 illustribus

131 2836 354 2892 dedecori
367 2840 480 2893 fuit
497 2856 589 2893 aut
607 2841 955 2893 inconsultius
974 2849 1117 2892 uxor
1133 2837 1385 2908 assumpta
1405 2878 1422 2903 ,
1453 2853 1543 2893 aut

125 2915 315 2966 retenta
353 2914 659 2984 patientius.
724 2915 806 2968 Ita
827 2914 995 2969 fforis
1050 2916 1222 2968 claros
1262 2912 1544 2969 domestica
