1951 3720
306 263 482 381 '268
698 307 956 377 CAH
1028 309 1454 379 PLINII

335 431 559 501 gratiam
586 469 602 494 ,
645 448 802 500 quam
852 433 911 484 in
958 434 1086 485 urbe
1128 432 1442 502 collegerint
1472 471 1487 495 ,
1531 429 1771 488 ἁεῐεᾶοτζ

334 506 547 574 Incipio
577 504 723 557 enim
753 504 876 557 satis
898 506 1197 563 absolutum
1219 505 1518 558 existimare
1541 544 1557 569 ‚
1583 508 1644 558 de
1666 523 1760 574 quo

335 580 482 630 tanti
534 577 844 630 diversitate
896 579 1179 647 regionum
1228 579 1449 637 discreta
1504 578 1768 631 hominum

338 649 535 715 judicia
572 651 930 704 consentiunt.
972 652 1128 706 Vale.

466 770 613 823 XII.
657 770 989 822 Pin-uus
1028 770 1372 825 JUNIORI
1417 784 1568 824 suo
1608 773 1663 827 S.

503 869 624 921 Non
662 867 750 934 effe
784 886 814 917 a
842 867 1117 940 parentibus
1146 868 1415 919 creandos
1460 866 1626 918 acerbe
1688 898 1695 908 ·

821 964 868 1015 6·
905 965 1089 1015 duriter
1118 964 1315 1015 liberos.

348 1051 918 1145 CAsnGABAr
950 1087 1165 1156 quidam
1208 1085 1384 1138 filium
1423 1086 1576 1139 suum
1601 1125 1617 1151 ‚
1648 1085 1776 1155 qubd

339 1161 506 1229 paul&
544 1161 908 1229 sumptuosii'is
929 1177 1101 1229 equos
1133 1160 1186 1212 &
1209 1176 1365 1212 canes
1388 1174 1611 1214 emeret.
1649 1159 1777 1211 Huic

339 1251 443 1304 ego
470 1274 485 1297 ‚
541 1234 739 1301 juvene
781 1233 1007 1304 dibrefi'o
1040 1272 1055 1296 ‚
1101 1233 1248 1285 Heus
1286 1248 1348 1285 tu
1372 1272 1387 1296 ‚
1432 1249 1778 1301 numquamne

343 1307 510 1359 fecisti
537 1348 551 1370 ‚
590 1308 736 1375 quod
783 1324 811 1359 a
864 1322 1014 1375 patre
1059 1306 1257 1374 corripi
1306 1304 1477 1374 poffet
1516 1309 1537 1360 ἓ
1587 1305 1781 1368 fecisti,

341 1381 464 1431 dico
487 1384 508 1433 ἒ
546 1382 673 1431 Non
707 1380 970 1432 interdum
1006 1379 1133 1431 facis
1155 1418 1170 1442 ,
1198 1381 1343 1448 quod
1371 1378 1517 1431 filius
1543 1395 1665 1431 tuus
1688 1418 1703 1441 ‚
1738 1378 1781 1430 si

344 1452 566 1520 repent'e
592 1469 743 1520 pater
772 1453 862 1505 ille
884 1492 899 1515 ‚
942 1468 1002 1504 tu
1038 1452 1182 1505 filius
1205 1490 1221 1514 ‚
1257 1452 1372 1520 pari
1404 1452 1666 1521 gravitate
1704 1468 1784 1503 re-

347 1528 678 1594 prehendat?
721 1542 833 1578 non
872 1542 1061 1578 omnes
1107 1525 1356 1577 homines
1397 1525 1578 1594 aliquo
1617 1541 1785 1576 errore

346 1601 649 1651 ducuntur?
689 1616 802 1650 non
836 1599 923 1651 hic
972 1599 1031 1650 in
1079 1598 1177 1650 ino
1222 1598 1322 1650 sibi
1346 1637 1361 1661 ‚
1404 1597 1461 1649 in
1504 1600 1611 1649 hoc
1660 1597 1785 1648 alius

350 1672 593 1742 indulget
618 1674 638 1724 ἓ
663 1673 792 1725 Haec
830 1672 959 1737 tibi,
984 1671 1287 1723 admonitus
1311 1670 1615 1723 immodicae
1645 1670 1788 1723 seve-

349 1745 522 1797 ritatis
561 1748 813 1812 exemplo
839 1784 854 1808 ,
886 1762 988 1813 pro
1027 1761 1209 1798 amore
1244 1758 1432 1796 mutuo
1463 1742 1686 1812 scripsi,
1725 1759 1786 1796 ne

353 1820 564 1888 quando
595 1833 654 1872 tu
686 1836 899 1888 quoque
924 1817 1098 1871 filium
1129 1832 1281 1870 tuum
1317 1817 1550 1870 acen-bitis
1593 1815 1790 1869 durii'is·

354 1909 457 1961 que
493 1891 758 1944 trablares.
804 1892 998 1963 Cogita
1031 1893 1083 1943 &
1119 1892 1272 1943 illum
1306 1908 1532 1959 puerum
1566 1890 1669 1942 ess‘e
1694 1930 1709 1952 ‚
1741 1891 1790 1941 δι

352 1980 408 2018 te
435 1963 584 2020 fuiffe
610 1978 804 2033 ·,atque
836 1965 910 2029 ita
941 1967 1047 2017 hoc
1071 2004 1086 2028 ,
1127 1966 1271 2032 quod
1307 1981 1366 2015 es
1403 1979 1582 2032 pater,
1608 1978 1754 2014 utere
1774 2001 1791 2024 ‚

353 2053 414 2090 ut
448 2037 755 2089 memineris
797 2039 850 2090 &
882 2039 1160 2091 hominem
1196 2035 1299 2090 effe
1336 2051 1391 2090 te
1414 2075 1430 2100 ,
1464 2038 1519 2090 &
1557 2036 1791 2090 hominis

355 2126 581 2180 patrem.
620 2112 776 2165 Vale.

401 2232 587 2286 XIII.
628 2232 960 2290 Ριηιιυε
1002 2233 1457 2298 ρυᾼυιιᾼτο
1502 2245 1648 2294 suo
1688 2233 1744 2287 S.

433 2331 656 2400 Exponit
680 2349 736 2380 ea
761 2364 776 2389 ‚
812 2350 908 2398 quae
940 2329 1171 2399 profeffus
1205 2331 1433 2380 ultionem
1470 2329 1727 2390 Helvidii,

616 2427 761 2497 egerit
794 2428 1149 2496 pertuleritque.
1193 2427 1371 2493 Vide7
1396 2462 1411 2488 ,
1451 2443 1536 2494 19.

486 2550 700 2604 υΑΝτὸ
722 2551 1005 2604 ἣυεὶίοείΐις
1030 2550 1386 2619 intentifisque
1404 2549 1577 2620 legisti
1597 2550 1759 2604 libros
1779 2556 1799 2615 ‚‘

358 2643 495 2696 quos
537 2627 601 2678 de
643 2625 880 2677 Helvidii
915 2625 1123 2676 ultione
1159 2624 1473 2692 composui,
1505 2623 1660 2677 tant&
1696 2626 1796 2676 im-

357 2698 573 2769 pensius
598 2697 858 2766 postulas,
877 2713 936 2750 ut
961 2697 1274 2765 perscribam
1287 2697 1383 2749 tibi
1397 2715 1643 2766 quaeque
1652 2712 1798 2750 extra

357 2773 560 2835 libros,
582 2789 806 2841 quaeque
823 2772 962 2823 circa
989 2772 1191 2833 libros
1216 2785 1390 2822 totum
1416 2770 1645 2839 denique
1665 2770 1798 2822 ordi-

359 2863 483 2903 nem
505 2844 619 2907 rei,
654 2862 852 2914 emper
884 2858 1091 2898 aetatem
1115 2860 1227 2896 non
1257 2843 1555 2896 interfuisti.
1601 2843 1795 2897 Occiso

360 2884 680 2975 Domitia’no
718 2958 733 2983 ,
780 2918 930 2972 statui
974 2934 1185 2986 mecum
1237 2933 1297 2971 ac
1351 2916 1641 2972 deliberavi
1700 2914 1799 2970 effe

1470 3111 1498 3125 N
