1951 3720
439 240 1068 312 EpzsrozAE.
1116 242 1267 313 Lib.
1315 245 1366 315 Ι.
1523 267 1603 338 η

171 357 249 413 X.
284 359 609 413 Ptnuus
641 360 894 412 A-rnro
927 362 1341 414 cutmen-n
1373 374 1518 413 suo
1549 362 1610 415 S-.

172 453 459 520 Euphratem
495 450 821 520 philosophum
861 453 1068 512 laudae,
1109 471 1304 520 quocum
1343 455 1528 512 vellet,
1569 455 1613 503 si

188 552 193 559 ·
240 543 331 593 per
363 531 694 593 occupationes
718 526 883 575 liceret
911 559 926 582 ,
954 527 1056 575 dits
1087 542 1218 577 totos
1253 528 1483 577 audiendo
1511 525 1611 593 dis-

244 600 479 665 «tendoque
510 595 793 665 consumere.
836 597 1080 649 Hortatur
1100 600 1290 649 Aen‘iem
1317 633 1331 658 ,
1370 615 1422 649 ne
1451 600 1530 649 illi
1558 595 1612 668 sc

243 673 579 739 expoliendum
615 672 661 721 6·
694 671 957 721 limandum?
980 674 1165 724 tradat.

174 773 236 865 S
254 826 277 862 1
318 813 534 880 quando
572 814 696 866 urbs
734 811 915 864 nostra
944 812 1245 867 Iiberatibus
1284 813 1465 867 studiis
1504 813 1614 866 flo-

171 884 274 935 ruit
297 922 313 947 ,
346 902 488 936 nunc
513 885 749 938 maxime
774 884 950 938 floret.
975 886 1149 939 Multa
1172 890 1408 957 claraque
1432 903 1614 940 exem-

170 959 253 1024 pla
293 957 436 1010 sunt.
479 957 759 1011 suffecerit
799 974 965 1010 unum
999 996 1022 1021 τ
1047 960 1335 1028 Euphrates
1376 962 1611 1029 philoso-

169 1031 327 1097 phus,
360 1032 521 1082 Hunc
551 1048 653 1100 ego
686 1031 745 1082 in
775 1030 929 1099 Syria
949 1070 964 1094 ‚
999 1047 1170 1099 quum·
1193 1034 1614 1086 adolescentulus

168 1102 461 1154 militarem
486 1142 501 1165 ‚
541 1104 755 1172 penitus
794 1104 847 1154 δε
882 1104 1031 1155 domi
1066 1104 1308 1172 inspexi,
1344 1106 1613 1174 amarique

169 1176 231 1226 ab
268 1192 340 1227 eo
376 1176 662 1240 laboravi,
701 1176 803 1228 etsi
839 1193 950 1227 non
988 1192 1098 1228 erat
1131 1179 1490 1230 laborandum.
1530 1178 1615 1229 Est

167 1246 319 1299 enirn
360 1248 561 1301 obvius
600 1251 654 1301 &
687 1249 1008 1317 exposituS‚
1048 1252 1338 1319 plenusque
1375 1250 1616 1303 luunani·

165 1334 277 1372 tate
299 1337 464 1389 quam
483 1322 746 1391 praecipit.
765 1322 940 1391 Atque
956 1322 1161 1375 utinam
1180 1322 1256 1375 sic
1275 1324 1424 1393 ipse,
1456 1340 1616 1391 quam

166 1392 322 1461 spem
350 1408 483 1445 tunc
513 1394 616 1447 isse
630 1397 692 1448 de
717 1411 804 1446 me
833 1395 1116 1463 concepit,
1149 1396 1524 1465 impleverim,
1553 1411 1615 1448 ut

168 1465 264 1518 ille
313 1468 547 1518 multum
589 1467 876 1519 virtutibus
916 1467 1031 1519 suis
1071 1469 1266 1520 addidit
1307 1473 1321 1523 Ξ
1360 1470 1468 1521 Aut
1510 1485 1616 1538 ego

170 1554 315 1590 nunc
351 1539 474 1592 illas
506 1541 674 1610 magis
706 1540 912 1603 miror,
955 1540 1081 1607 quia
1117 1541 1283 1610 magis
1319 1540 1612 1611 intelligo,

173 1629 500 1680 quamquam
538 1630 607 1665 ne
646 1629 798 1665 nunc
824 1579 1036 1682 quidem
1077 1613 1201 1666 satis
1235 1613 1499 1682 intelligo·
1537 1615 1616 1666 Ut

173 1685 322 1736 enim
348 1686 417 1737 de
442 1684 647 1753 pistore
668 1724 684 1749 ,
710 1686 973 1754 sculptore
995 1724 1012 1748 ‚
1044 1684 1231 1738 fistore
1250 1725 1265 1749 ,
1299 1686 1404 1738 nisi
1427 1686 1618 1739 artifex

170 1755 410 1821 ‘judicare
435 1796 451 1823 ‚
492 1758 566 1810 ita
605 1757 709 1810 nisi
740 1758 946 1826 sapiens
977 1775 1089 1809 non
1119 1757 1290 1827 potest
1324 1758 1620 1826 perspicere

174 1831 493 1900 sapientem.
523 1832 795 1898 Quantum
826 1830 959 1883 mihi
989 1845 1167 1884 tamen
1194 1847 1406 1885 cernere
1438 1834 1617 1898 datur,-

178 1906 347 1956 multa
389 1905 448 1957 in
484 1906 759 1973 Euphrate
783 1904 861 1957 sic
898 1904 1136 1957 eminent
1173 1906 1225 1958 &
1261 1909 1471 1959 elucent
1495 1946 1510 1970 ,
1558 1915 1619 1959 ut

182 1976 525 2029 mediocriter
549 1994 765 2047 quoque
787 1977 974 2029 doctos
998 1980 1272 2030 advertant
1298 1980 1349 2030 &
1372 1979 1617 2034 afficiant.-

181 2049 437 2118 Disputat
472 2050 733 2103 subtiliter
753 2089 768 2113 ,
807 2050 1041 2120 graviter
1059 2089 1076 2114 ‚
1113 2050 1299 2103 ornate
1333 2071 1346 2103 z
1379 2053 1620 2121 frequen·

182 2137 266 2174 ter
294 2123 457 2175 etiam
476 2123 802 2175 Platonicam
837 2123 984 2175 illam
1016 2125 1390 2176 sublimitatem
1424 2126 1476 2178 &
1506 2125 1621 2177 latia-

185 2195 426 2248 tudinem
458 2196 676 2265 effingit.
715 2198 904 2249 Sermo
932 2196 1007 2249 est
1039 2197 1288 2265 copiosus
1321 2198 1374 2249 δι
1404 2198 1622 2259 varius3

186 2268 357 2321 dulcis
383 2268 652 2337 inprimis
676 2309 693 2334 ‚
733 2270 786 2321 δι
808 2270 899 2338 qui
923 2286 1274 2340 repugnantes
1297 2287 1511 2340 quoque
1534 2274 1624 2323 du*

187 2358 271 2393 cat
309 2344 363 2394 δι
399 2342 667 2410 impellere
694 2343 777 2394 Ad
813 2343 919 2394 hoc
944 2381 958 2405 ‚
1001 2343 1289 2411 proceritas
1325 2346 1568 2412 corporis
1604 2373 1622 2409 ς

188 2417 382 2467 decora
409 2415 570 2468 facies
593 2454 608 2478 ,
642 2414 886 2467 demifl'us
909 2415 1127 2483 capillus
1151 2455 1166 2480 ‚
1200 2417 1386 2487 ingens
1412 2418 1465 2469 δι
1496 2432 1625 2471 cana

189 2489 345 2540 barba
371 2506 387 2546 3
418 2506 537 2556 quae
561 2487 687 2540 licet
708 2488 927 2541 fortuita
952 2490 1006 2539 &
1027 2488 1202 2541 inania
1222 2505 1472 2558 putentur
1493 2530 1507 2554 ‚
1541 2491 1624 2544 im

191 2575 372 2613 tamen
400 2560 690 2629 plurimum
717 2560 1082 2616 venerationis
1111 2563 1405 2631 acquirunt.
1432 2566 1625 2624 Nullus

191 2634 385 2686 horror
416 2633 475 2685 in
505 2636 686 2697 cultu,
724 2637 865 2687 nulla
896 2634 1139 2699 tristitia,
1176 2638 1401 2688 multum
1432 2637 1625 2690 severi·
1631 2669 1638 2675 -

194 2707 358 2759 tatis:
383 2707 677 2760 reverearis
702 2708 1009 2771 occursum,
1039 2725 1152 2759 non
1174 2708 1501 2762 reformides,
1528 2708 1624 2760 Vi·

192 2795 263 2831 τε
292 2780 538 2832 sanctitas
569 2780 803 2845 summa,
838 2781 1062 2833 comitas
1091 2792 1203 2849 pan·
1233 2780 1518 2834 Ιιιΐεᾶειωι·
1545 2798 1626 2832 vr-

193 2852 314 2918 tia²
355 2870 470 2908 non
505 2852 809 2915 homines·,
842 2870 943 2914 nec
974 2853 1183 2927 castigat
1217 2861 1489 2920 errantes,
1534 2853 1640 2907 sem
