1951 3720
331 347 476 446 484
863 346 1257 415 NoTAE

393 464 540 512 Ludis
572 465 686 512 meis
720 464 997 530 praefiden't.
1033 462 1268 516 Praefuerit
1301 477 1412 516 meo
1451 464 1645 518 nomine
1668 503 1684 529 ,
1721 465 1772 517 ὅ(

329 528 573 580 faciendos
594 531 838 580 curaverit.

393 592 502 643 XII.
541 592 679 642 Utin
699 612 751 643 eo
776 631 790 654 ‚
826 595 963 659 quod.
995 592 1060 645 Ut
1083 592 1127 643 in
1158 607 1215 644 ea
1245 605 1374 660 parte
1411 592 1599 653 libelli,
1638 607 1773 660 quam

328 658 461 723 signo
482 657 732 709 transverso
755 670 959 708 notatam
974 694 989 715 ,
1021 659 1072 708 &
1096 658 1250 709 verbis
1274 660 1389 710 inter
1404 659 1544 710 lineas
1568 661 1776 725 interpo-

328 723 426 774 sitis
450 756 464 776 .
500 722 784 789 interscriptis
803 757 817 777 ‚
842 723 971 774 aliter
996 722 1278 788 explicitam.

350 852 363 864 .
390 787 688 902 Dat-{operti
710 787 883 853 ceastre
901 789 1100 853 dinuffo.
1129 787 1393 840 Tabellario
1413 785 1475 837 ad
1512 787 1556 838 id
1590 786 1777 853 specia-

331 863 412 904 tim
443 868 502 902 mi
539 866 587 903 o.

394 915 525 968 XIII.
556 916 670 996 Qua
698 920 796 965 nisi
816 934 846 964 a
857 915 1066 976 studente
1089 935 1182 966 non
1208 916 1527 983 potestftribI.
1554 915 1778 967 Notanda

330 982 547 1098 {ocu-tie,
582 998 627 1035 in
663 996 753 1049 qua
789 981 1029 1033 relativum
1056 1001 1151 1048 quae
1185 997 1271 1048 pro
1305 997 1357 1030 ut
1386 996 1494 1033 cum
1523 982 1780 1033 indicativo

356 1060 542 1098 umitur.

324 1164 327 1171 ,
397 1111 531 1163 XIV.
572 1111 667 1161 Sed
706 1129 765 1161 ex
802 1114 1047 1177 nongentis
1080 1148 1095 1171 ,
1144 1114 1325 1177 quanti.
1366 1111 1489 1162 Vide
1525 1111 1661 1178 supra
1703 1127 1780 1165 11.

331 1176 558 1227 Nimirum
593 1177 857 1243 publicani,
902 1176 981 1227 seu
1025 1175 1342 1240 redemptores
1386 1176 1660 1240 vicesimae,
1698 1191 1780 1228 eos

333 1255 473 1308 agros
495 1242 824 1293 aestimavernnt
844 1241 1091 1293 sestertium
1105 1241 1304 1291 millibus
1325 1254 1418 1292 non
1436 1242 1744 1308 septingentis
1764 1277 1782 1304 ,

326 1307 485 1372 quanti
523 1321 608 1357 eos
634 1307 847 1358 Corelliae
869 1304 1109 1357 addixerat
1141 1303 1272 1356 Plinii
1306 1305 1494 1358 libertus
1531 1321 1620 1372 pro
1649 1309 1781 1374 quin-

332 1386 484 1424 cunce
520 1371 728 1431 domini,
775 1370 850 1422 sed
890 1374 1134 1445 nongentis
1160 1409 1174 1431 ‚
1227 1381 1279 1420 ut
1318 1371 1557 1422 vicesimae
1595 1374 1781 1424 nomine

335 1451 429 1488 non
451 1436 695 1488 sestertium
717 1436 895 1502 triginta
918 1450 1145 1502 quinque,
1167 1434 1242 1486 sed
1265 1435 1564 1502 quadraginta
1587 1439 1783 1504 quinque

338 1501 474 1553 millia
492 1501 550 1552 ab
566 1500 806 1553 heredibus
827 1503 1081 1566 exigerent.

264 1621 275 1631 .
404 1566 517 1618 XV.
536 1565 665 1615 Nam
690 1566 733 1614 δ’
758 1565 1015 1632 reipublicae
1028 1565 1124 1631 fiaae
1144 1569 1328 1631 negotia
1349 1583 1527 1615 curare.
1551 1566 1620 1617 Ita
1635 1566 1781 1619 Cottii

340 1631 532 1684 codices
575 1632 625 1682 ὅ(
665 1631 776 1697 regii
816 1669 830 1691 ‚
885 1631 1050 1697 quibus
1088 1631 1269 1681 accedit
1304 1630 1448 1682 editio
1487 1644 1663 1692 vetu5‚
1702 1647 1781 1699 pro

342 1698 420 1749 vul
454 1709 531 1748 ato
557 1736 571 1759 ,
608 1714 716 1745 nam
741 1696 785 1744 G·
807 1695 1251 1762 reipublicaeserrire
1272 1700 1490 1761 negotiis.

457 1761 544 1811 VI.
577 1761 842 1810 Liberorum
871 1760 994 1825 jure.
1027 1761 1094 1810 Ex
1124 1761 1226 1827 lege
1267 1758 1404 1827 Papia
1425 1799 1438 1819 ‚
1473 1760 1558 1812 sub
1593 1759 1777 1828 Augusti

344 1839 526 1894 tempus
563 1838 817 1879 extremum
851 1825 938 1876 lata
964 1866 979 1888 ,
1016 1825 1059 1876 in
1097 1822 1352 1880 Provinciis
1372 1826 1423 1877 &
1448 1826 1492 1876 in
1515 1826 1782 1893 magistrati·

343 1893 431 1944 hus
467 1892 728 1943 mandandis
764 1893 793 1942 ii
828 1890 1217 1958 praeferebantur,
1253 1891 1415 1958 quibus
1456 1892 1593 1944 liberi
1641 1891 1781 1958 plures

347 1969 493 2009 erant.

409 2024 595 2086 Annum
623 2020 874 2087 remisiffit.
922 2020 1159 2072 Biennium
1189 2020 1392 2072 debebat
1433 2021 1645 2074 intereffe
1679 2021 1781 2074 inter

345 2088 620 2139 tribunatum
662 2088 711 2137 &
752 2099 1007 2151 praeturam.
1048 2083 1193 2136 Plinio
1218 2085 1508 2137 Domitianus
1547 2089 1781 2153 permisit,

351 2163 403 2204 ut
432 2153 585 2217 elapso
617 2151 719 2218 post
741 2152 1017 2201 tribunatum
1042 2165 1163 2201 anno
1183 2162 1349 2215 praetor
1369 2150 1519 2203 fieret.

413 2216 471 2265 Si
490 2216 617 2266 voles
636 2218 840 2265 νὶηᾰὶέὶά
857 2216 1097 2268 liberare..
1115 2253 1128 2264 .
1149 2215 1267 2266 Nam
1299 2231 1416 2283 quos
1441 2215 1779 2281 pater-familias

347 2281 467 2333 inter
486 2283 662 2333 amicos
682 2279 1032 2332 manumittebat
1048 2314 1064 2336 .
1088 2281 1115 2331 ii
1136 2281 1179 2330 in
1204 2280 1360 2342 iustam
1389 2281 1578 2332 demum
1610 2282 1779 2332 liberta·

351 2359 481 2400 tem.
519 2347 571 2396 δι
604 2347 648 2396 in
684 2348 917 2398 civitatem
940 2345 1196 2397 Romanam
1241 2345 1590 2397 vindicabantur
1629 2347 1675 2397 vi
1729 2347 1784 2407 a,

340 2425 489 2479 *quam
509 2409 617 2461 ideo
640 2413 891 2460 vindielam
910 2410 1226 2462 nominabant.
1247 2411 1518 2461 Manumissi
1541 2423 1686 2478 caput
1734 2426 1781 2461 ac

353 2475 481 2542 virga
519 2476 733 2541 tangebat
768 2475 931 2527 Romae
979 2487 1145 2542 praetor
1167 2509 1181 2529 ‚
1214 2476 1255 2524 in
1297 2474 1395 2526 aliis
1437 2475 1556 2528 locis
1597 2474 1782 2543 quilibet

352 2540 631 2607 magistratus
655 2579 669 2598 ‚
694 2542 769 2606 qui
805 2541 911 2592 esset
931 2555 1037 2592 cum
1058 2540 1299 2606 potestate.

419 2605 571 2656 XVll.
607 2604 818 2654 Intende.
846 2606 1029 2671 Nempe
1052 2606 1265 2655 animum.
1302 2602 1428 2655 Vide
1453 2617 1477 2666 5
1496 2636 1514 2659 ‚
1544 2618 1625 2669 13.

342 2709 345 2711 -
421 2670 652 2719 Sordidus
680 2671 988 2737 pullatosque.
1038 2669 1112 2720 Sic
1147 2668 1352 2735 designat
1386 2670 1604 2720 homines
1628 2669 1687 2722 de
1706 2668 1778 2720 vili

354 2734 596 2802 plebecula
615 2775 627 2796 ,
669 2750 861 2802 quorum
891 2747 999 2801 toga
1020 2747 1111 2784 non
1133 2770 1147 2792 ‚
1184 2745 1232 2784 ut
1253 2734 1423 2785 civium
1444 2734 1776 2789 honestiorum,

345 2800 526 2867 ‚munda
546 2801 723 2866 semper
743 2801 794 2850 ὃ(
814 2800 959 2851 nitens
977 2835 993 2858 ,
1038 2799 1115 2850 sed
1134 2813 1192 2849 ex
1215 2798 1422 2851 sordibus
1461 2798 1610 2851 ferme
1645 2801 1779 2865 nigra.

354 2864 481 2917 Hinc
503 2866 623 2932 apud
647 2865 885 2931 scriptores
925 2864 1102 2919 mentio
1127 2863 1342 2932 frequens
1379 2864 1521 2915 turbae
1554 2864 1743 2934 pullam
1764 2899 1780 2926 ,

357 2947 538 2984 coronae
546 2930 850 2998 sordidioris·
