1951 3720
394 287 643 357 Epts
668 301 966 356 roza-2.
1004 287 1151 357 Lib.
1178 284 1309 359 IX.
1442 309 1575 381 273

130 405 390 460 oberrass'e
412 447 428 472 ,
465 421 737 477 tamquam
767 407 979 462 videret
1015 426 1102 462 me
1139 408 1244 462 sibi
1282 425 1403 461 cum
1440 409 1589 463 ferro

130 479 435 534 imminere.
492 483 706 535 Verane
745 483 860 536 haec
880 521 896 546 ,
935 482 1192 535 affirmare
1227 498 1342 535 non
1376 482 1549 539 ausim
1574 500 1591 535 ε

127 550 342 607 interest
368 568 550 606 tamen
591 554 863 624 exempli,
901 570 960 607 ut
985 572 1115 608 vera
1148 555 1449 609 videantur.
1476 556 1592 607 Ha-

129 627 212 679 bes
246 626 576 695 epistolam,
600 628 647 681 si
675 629 895 682 modum
914 627 1149 697 epistolae
1174 628 1420 698 cogites,
1440 628 1591 680 libris

131 716 265 767 quos
301 700 478 770 legisti
501 717 617 753 non
647 703 932 756 minorem.
973 703 1078 754 Sed
1118 702 1409 769 imputabis
1446 701 1544 754 tibi
1573 740 1591 765 ‚

134 772 221 840 qui
252 788 545 825 contentus
577 774 727 827 libris
759 792 873 827 non
894 774 1059 839 fuisti,
1101 776 1262 829 Vale.

252 894 443 947 XIV.
483 893 814 947 Fuluus
854 895 1169 947 TA01ro
1212 907 1363 947 suo
1403 895 1460 949 S.

130 964 401 1046 'Hortatur
416 1025 434 1053 ‚
454 1006 506 1042 ut
526 1031 542 1056 ,
554 991 712 1056 studio
739 993 784 1042 ἃ
809 991 974 1043 laboro
994 992 1043 1042 in
1056 989 1309 1059 firibendo
1325 1026 1340 1053 ‚
1362 992 1562 1045 nominis

561 1088 917 1140 immortalitati
944 1086 1153 1156 serviat.

145 1176 234 1274 N
243 1230 282 1267 Ε
299 1228 334 1266 c
380 1212 496 1282 ipse
526 1211 623 1265 tibi
648 1211 855 1280 plaudis
872 1247 890 1274 ‚
925 1213 979 1265 δε
1008 1228 1112 1284 ego
1150 1210 1285 1271 nihil
1316 1211 1486 1283 magis
1515 1230 1587 1266 ex

142 1286 236 1340 fide
264 1328 282 1351 ‚
322 1287 490 1357 quam
513 1289 576 1339 de
609 1302 663 1340 te
692 1286 882 1343 scribo.
906 1285 1135 1339 Posteris
1166 1303 1233 1339 an
1256 1286 1434 1356 aliqua
1463 1303 1591 1339 cura

143 1361 304 1414 nostri
337 1401 355 1426 ‚
377 1360 561 1429 nescio
584 1379 597 1414 ε
626 1376 725 1412 nos
754 1358 896 1412 certe
917 1377 1184 1413 meremur
1208 1374 1267 1412 ut
1288 1359 1358 1412 sit
1383 1359 1559 1428 aliqua
1577 1399 1593 1424 ‚

147 1450 249 1487 non
271 1434 642 1504 dicojngenio
663 1433 685 1501 (
704 1432 760 1485 id
777 1433 922 1486 enim
940 1431 1258 1502 superbum)
1281 1434 1370 1485 sed
1391 1432 1564 1485 studio
1582 1471 1599 1497 ‚

148 1507 196 1559 δε
227 1510 417 1561 labore
439 1547 454 1571 ‚
489 1509 542 1559 δε
571 1507 871 1560 reverentia
907 1506 1259 1574 posterorum.
1310 1506 1600 1575 Pergamus

149 1580 307 1635 modo
337 1581 533 1633 itinere
557 1580 799 1633 instituto
821 1620 836 1644 ‚
879 1581 1024 1648 quod
1047 1594 1106 1631 ut
1125 1596 1321 1647 paucos
1342 1579 1398 1630 in
1424 1582 1602 1631 lucem

149 1655 448 1724 famamque
498 1653 755 1722 provexit
785 1693 802 1716 ‚
851 1653 924 1705 ita
957 1656 1159 1705 multos
1199 1669 1230 1704 e
1272 1652 1505 1704 tenebris
1548 1654 1603 1704 δε

152 1727 371 1782 silentio
405 1729 649 1797 protulit.
689 1728 846 1780 Vale.

256 1853 410 1908 XV.
459 1852 790 1906 Pmruus
847 1851 1209 1904 FALconr
1251 1863 1398 1904 svo
1439 1850 1493 1903 S.

193 1953 433 2028 Queritur
452 1970 549 2004 non
565 1940 699 2020 poffe
721 1985 739 2008 ,
766 1968 824 2001 ne
843 1950 894 1999 in
915 1950 1042 2006 villa
1064 1950 1245 2017 quidem
1270 1983 1287 2010 ,
1329 1951 1486 2001 omnia
1508 1951 1573 2002 ad

580 2047 822 2098 arbitrium
840 2044 973 2114 suum
991 2046 1175 2113 facere.

161 2135 619 2230 REFUGERAM
657 2170 714 2222 in
747 2170 952 2222 Tuscos
975 2208 993 2234 ‚
1030 2184 1091 2223 ut
1133 2170 1319 2224 omnia
1360 2172 1423 2223 ad
1466 2170 1608 2224 arbi-

159 2246 320 2300 trium
354 2263 536 2299 meum
566 2246 792 2298 facerem
817 2262 832 2297 :
864 2260 918 2297 at
938 2244 1045 2296 hoc
1074 2261 1142 2296 ne
1180 2246 1237 2295 in
1266 2244 1455 2298 Tuscis
1487 2247 1612 2313 qui-

141 2323 277 2374 slem
301 2340 317 2373 :
359 2336 470 2372 tam
517 2318 698 2377 multis
744 2316 979 2385 undique
1020 2317 1333 2370 rusticorum
1368 2319 1565 2372 libellis
1592 2359 1612 2384 ‚

144 2395 215 2450 ,δι
235 2409 348 2446 tam
373 2392 609 2463 querulis
634 2392 946 2459 inquietor,
977 2407 1113 2459 quos
1140 2391 1414 2460 aliquanto
1441 2393 1612 2461 magis

161 2466 372 2520 invitus
411 2463 572 2536 quam
608 2481 759 2518 meos
781 2466 940 2533 lego:
975 2480 1099 2516 nam
1130 2465 1185 2521 δι
1206 2482 1358 2518 meos
1378 2465 1611 2519 invitu's.

162 2539 413 2594 RetraCto
448 2539 595 2592 enim
624 2538 943 2591 aaiunculas
986 2538 1232 2606 quasdam
1253 2578 1269 2603 ,
1313 2539 1457 2607 quod
1495 2539 1615 2607 post

164 2613 616 2682 intercapedinem
647 2611 906 2680 temporis
939 2611 993 2663 &
1016 2611 1265 2681 frigidum
1294 2612 1347 2664 &
1368 2614 1616 2664 acerbum

165 2686 255 2740 est.
294 2687 559 2739 Rationes
581 2726 596 2750 ‚
641 2686 793 2754 quasi
828 2684 1039 2737 absente
1076 2702 1162 2737 me
1199 2724 1215 2749 ,
1254 2685 1622 2754 negliguntur.

145 2761 442 2813 Interdum
476 2775 657 2813 tamen
694 2775 892 2829 equum
924 2758 1225 2812 conscendo
1251 2798 1267 2822 ,
1310 2760 1363 2810 &
1390 2774 1620 2826 patrem·

166 2834 387 2887 familiae
437 2832 690 2886 hastenus
738 2849 839 2903 ago
882 2871 898 2896 ,
950 2830 1096 2901 quod
1136 2833 1366 2902 aliquam
1413 2848 1619 2900 partem

167 2908 494 2975 praediorum
519 2947 535 2974 ‚
579 2908 668 2960 sed
705 2924 807 2976 pro
845 2905 1137 2978 gestatione
1160 2940 1179 2966 ‚
1214 2922 1483 3029 pec-leuno.
1533 2908 1620 2958 Tu

1359 2997 1397 3029 V
