1951 3720
335 232 472 326 278
677 231 938 299 CAH
1008 230 1418 300 ΡιιΝιι

331 355 544 406 'Vereor
578 370 646 405 ne
689 353 870 406 videar
916 370 1031 406 non
1063 371 1250 424 rogare
1284 393 1300 418 ,
1336 354 1427 409 sed
1459 369 1656 424 cogere
1678 391 1694 418 ,
1729 352 1773 406 si

334 427 577 496 precibus
598 425 713 492 ejus
738 444 882 480 meas
899 425 1148 492 junxero.
1179 429 1207 482 J
1213 444 1406 497 ungam
1421 444 1609 480 tamen
1630 426 1776 479 tanto

330 500 543 569 plenius
592 502 645 552 &
684 497 902 554 effusius
923 541 938 565 ‚
979 499 1179 570 quanto
1211 502 1380 569 ipsum
1417 501 1594 554 acrius
1626 501 1774 552 seve-

329 573 543 642 riusque
564 574 799 642 corripui
822 613 836 638 ,
868 573 1106 627 destricte
1126 574 1356 627 minatus
1376 591 1672 642 numquam
1695 589 1776 624 rne

329 646 513 715 postea
547 662 874 717 rogaturum.
920 649 1043 700 Hoc
1069 648 1184 711 illi,
1222 665 1381 716 quem
1402 647 1593 700 terreri
1614 664 1773 714 opor·

329 722 503 778 tebat3
525 720 623 773 tibi
642 737 754 772 non
773 721 931 774 idem.
953 723 1092 773 Nam
1105 720 1316 774 fortafl‘e
1336 722 1531 773 iterum
1547 721 1774 789 rogabo,
1794 760 1804 767 .

331 791 630 861 impetrabo
657 794 881 847 iterumx
908 795 978 847 sit
1002 793 1168 847 modo
1194 797 1300 847 tale
1319 834 1337 859 ,
1354 809 1415 847 ut
1437 810 1632 864 rogate
1654 809 1740 861 me
1759 830 1777 857 ,

329 879 392 918 ut
413 865 650 934 praestare
677 882 729 919 te
753 870 958 922 deceat.
992 870 1151 922 Vale.

442 989 655 1043 XXII.
696 989 1032 1042 Pinnos
1070 961 1385 1042 Sfivzno
1425 999 1575 1041 suo
1615 988 1673 1040 S.

366 1083 588 1137 Passieni
616 1088 888 1155 aegritudine
928 1087 1098 1151 dolet,
1137 1084 1321 1155 ejusque
1340 1106 1486 1157 genus
1501 1121 1519 1148 ,
1556 1103 1712 1137 mores
1727 1119 1745 1146 ,

571 1184 618 1234 ὃ·
656 1183 889 1253 ingenium
920 1185 1107 1237 laudas.
1186 1183 1314 1237 Vide
1343 1184 1378 1236 6
1401 1224 1416 1248 ‚
1455 1199 1478 1235 1
1494 1199 1543 1251 ς.

328 1270 445 1362 Μ
466 1319 677 1359 ΑθΝΑ
736 1323 823 1360 me
882 1304 1244 1360 sollicitudine
1299 1306 1481 1361 affecit
1538 1305 1783 1360 Passieni

324 1380 479 1433 Pauli
508 1382 761 1432 valetudo
785 1418 800 1443 ‚
831 1381 883 1432 ὅτ
922 1381 1136 1448 quidem
1172 1381 1418 1449 plurimis
1451 1379 1783 1445 iustissimis·

333 1471 437 1522 que
469 1455 532 1506 de
566 1454 757 1507 causis.
796 1453 902 1506 Vir
927 1453 1001 1505 est
1031 1454 1268 1521 optimus
1291 1493 1307 1517 ,
1336 1452 1748 1507 honestissimus
1766 1494 1781 1518 ,

331 1525 496 1579 nostri
533 1526 927 1580 amantissimus
948 1547 961 1580 ε
985 1542 1239 1596 praeterea
1267 1528 1328 1579 in
1348 1528 1543 1580 litteris
1567 1542 1783 1581 veteres

330 1601 611 1652 aemulatur
646 1639 664 1664 ‚
711 1601 968 1669 exprimit
1001 1640 1017 1664 ‚
1064 1602 1284 1662 reddit3
1330 1601 1676 1669 Ptopertium
1728 1601 1784 1652 iu

334 1672 556 1741 primis,
578 1691 608 1725 a
641 1690 750 1742 quo
786 1692 949 1743 genus
973 1675 1150 1738 ducit,
1175 1692 1304 1727 vera
1326 1676 1574 1738 soboles,
1607 1691 1785 1743 eoque

338 1746 610 1799 simillima
630 1746 747 1810 illi,
778 1748 837 1798 in
879 1765 989 1817 quo
1016 1748 1110 1802 ille
1146 1748 1468 1816 praecipuus.
1503 1748 1563 1800 Si
1601 1750 1785 1817 elegos

330 1818 448 1886 ejus
492 1821 550 1872 in
589 1837 777 1873 manus
813 1821 1096 1890 sumpseris
1138 1846 1153 1885 ‚
1205 1825 1350 1893 leges
1403 1839 1542 1891 opus
1586 1822 1810 1874 tersum·

332 1896 538 1957 molle,
566 1892 883 1960 jucundum,
925 1897 978 1947 δε
1018 1894 1178 1963 plan'e
1213 1897 1272 1947 in
1307 1895 1576 1965 Propertii
1616 1899 1781 1948 domo

332 1967 605 2035 scriptum.
662 1970 846 2036 Nuper
884 1970 950 2021 a&
985 1968 1157 2038 lyrica
1187 1969 1445 2034 deflexit,
1486 1970 1547 2021 'm
1589 1971 1779 2038 quibus

333 2039 409 2092 ita
447 2040 729 2093 Horatium
755 2081 770 2105 ‚
800 2059 859 2094 ut
877 2041 942 2093 in¹
978 2042 1088 2095 illis
1120 2043 1273 2095 illum
1304 2045 1564 2108 aiterum,
1604 2042 1781 2113 effingi

332 2128 527 2181 putes,
510 2133 522 2145 ·
543 2114 605 2166 ⁴si
638 2116 768 2183 quid
785 2116 840 2166 in
868 2116 1050 2168 studiis
1073 2117 1326 2187 cognatio
1344 2119 1525 2179 valet,
1554 2117 1608 2167 δί
1626 2114 1780 2180 hujus

331 2188 686 2255 propinquus.
729 2189 927 2258 Magna
956 2190 1224 2254 varietas,
1260 2208 1448 2260 magna
1483 2190 1779 2241 mobilitas.

334 2260 494 2312 Amat
522 2274 583 2311 ut
619 2261 711 2330 qui
745 2262 1067 2327 verissime,
1094 2266 1239 2316 dolet
1266 2279 1328 2315 ut
1364 2264 1459 2333 qui
1493 2262 1779 2330 impatien-

335 2331 586 2396 tissime,
603 2335 807 2386 laudat
844 2349 901 2388 ut
942 2336 1036 2405 qui
1069 2336 1453 2407 benignissime
1488 2376 1503 2400 ‚
1548 2338 1683 2388 ludit
1722 2350 1781 2387 ut

334 2406 431 2474 qui
465 2405 824 2461 facetissime:
860 2410 1044 2462 omnia
1075 2410 1334 2479 denique,
1371 2426 1643 2478 tamquam
1669 2409 1780 2461 siu-

337 2481 494 2548 gula‚
539 2480 784 2533 absolvit.
841 2483 944 2535 Pro
985 2485 1090 2535 hoc
1129 2500 1232 2554 ego
1269 2484 1497 2546 amico,
1540 2500 1641 2552 pro
1674 2483 1779 2535 hoc

338 2569 443 2621 ego
494 2552 755 2623 ingenio,
795 2572 907 2608 non
958 2557 1136 2609 minus
1191 2574 1333 2627 aeger
1379 2557 1601 2620 animo,
1623 2572 1777 2626 quam

337 2642 566 2694 corpore
598 2629 718 2692 ille,
755 2632 965 2682 tandem
990 2633 1176 2695 illum,
1210 2631 1423 2683 tandem
1460 2646 1553 2682 me
1583 2628 1775 2697 recepi.

338 2698 621 2752 Gratulare
671 2703 847 2763 mihi3
884 2707 1143 2773 gratulare
1177 2704 1338 2757 etiam
1375 2703 1568 2755 litteris
1605 2702 1734 2770 ipsis
1759 2741 1773 2766 ,

337 2790 457 2840 quae
481 2791 550 2825 ex
580 2776 821 2843 periculo
844 2776 957 2842 ejus
975 2791 1182 2829 tantum
1206 2777 1490 2829 discrimen
1511 2776 1774 2839 adierunt,

339 2860 598 2915 quantum
628 2865 699 2901 ex
717 2852 882 2905 salute
904 2851 1089 2923 gloriae
1120 2852 1530 2921 consequentur.
1564 2850 1720 2907 Vale.
