1951 3720
390 314 987 387 EptsrffoLAE
1025 318 1172 389 Lib.
1211 321 1345 391 IV.
1455 340 1583 415 ¹23

150 433 302 498 zius,
339 434 490 505 quod
526 436 715 490 unicus
757 437 921 491 faetus
958 439 1052 493 est.
1112 440 1265 493 Nosti
1307 440 1363 493 in
1406 459 1590 496 amore

150 507 428 561 mollitiem
455 510 625 562 animi
648 512 795 576 mei,
838 512 975 564 nosti
999 527 1195 567 metus.
1240 514 1368 581 Quo
1410 516 1590 569 minus

149 596 193 632 te
241 583 424 636 mirari
472 584 786 651 oportebit,
828 586 972 653 quod
999 587 1294 654 plurimum
1333 588 1592 653 timeam,

149 656 331 724 dequo
362 657 658 724 plurimum
694 659 869 726 spero.
914 661 1071 714 Vale.

289 777 508 848 XXJI.
550 778 881 831 Ptnuus
922 780 1136 833 Rufo
1181 796 1328 835 suo
1366 785 1425 836 S.

205 874 290 925 De
315 877 540 944 gymnico
566 894 718 945 agone
747 880 875 945 apud
899 877 1190 947 Viennenses
1213 884 1431 946 constans
1465 884 1514 935 ἃ

495 980 657 1043 gran’s
686 973 903 1025 Maurici
951 972 1214 1041 sententia.

149 1059 344 1151 Ῑκτε
363 1110 405 1147 R
422 1112 453 1148 F
471 1110 516 1149 u
535 1111 559 1148 1
601 1097 865 1168 Principis
908 1100 1105 1168 optimi
1142 1100 1483 1171 cognitioni
1526 1102 1586 1158 in

141 1169 422 1222 consilium
493 1170 799 1240 assumptus.
884 1172 1190 1244 Gymnicus
1244 1190 1386 1245 agon
1445 1182 1585 1245 apud

145 1241 469 1297 Viennenses
506 1262 577 1297 ex
617 1245 883 1312 cujusdam
931 1247 1246 1300 testamento
1286 1251 1585 1304 celebraba-

141 1329 233 1370 tur.
269 1319 430 1370 Hunc
459 1319 762 1373 Trebonius
794 1320 1059 1386 Rufinus,
1095 1321 1184 1374 vir
1207 1323 1450 1392 egregius
1477 1341 1585 1377 no-

142 1390 309 1460 bisque
353 1393 600 1457 amicus,
650 1393 708 1445 in
744 1395 1090 1448 duumviratu
1138 1396 1236 1449 suo
1282 1399 1583 1452 tollendum

141 1465 555 1535 abolendumque
586 1468 810 1522 curavit.
841 1471 1143 1538 Negabatur
1165 1485 1236 1521 ex
1263 1471 1585 1525 aucioritate

140 1540 335 1605 publica
351 1540 555 1594 fecifi'e.
596 1542 717 1613 Egit
739 1543 851 1611 ipse
872 1544 1080 1596 causam
1104 1559 1217 1596 non
1249 1545 1426 1597 minus
1457 1545 1585 1599 feli-

139 1612 264 1665 citer
307 1631 470 1683 quam
520 1615 731 1669 diserte.
788 1618 1210 1670 Commendabat
1260 1617 1581 1683 achonem,

139 1685 274 1754 quod
305 1703 579 1758 tamquam
609 1690 781 1742 homo
816 1692 1091 1744 Romanus
1134 1691 1188 1742 δι
1227 1691 1400 1743 bonus
1437 1692 1579 1745 civis

140 1759 192 1811 in
222 1763 448 1832 negotio
480 1764 583 1818 suo
612 1763 817 1817 mature
859 1765 914 1816 δι
958 1765 1195 1834 graviter
1239 1765 1578 1833 loquebatur.

140 1835 310 1901 Quum
367 1837 645 1892 sententia
696 1854 1154 1908 perrogarentur‚
1207 1838 1346 1891 dixit
1383 1839 1412 1893 J
1417 1840 1578 1893 unius

141 1908 444 1978 Mauricus(
469 1929 578 1980 quo
607 1912 733 1966 viro
765 1913 898 1965 nihil
930 1912 1168 1977 firmius,
1190 1913 1327 1965 nihil
1355 1915 1578 1982 verius)

141 2000 244 2036 ιιοιι
273 1985 380 2038 effe
415 1986 791 2038 restituendum
814 1987 1212 2039 Viennensibus
1224 2003 1442 2056 agona·
1482 1990 1577 2040 ad·-

137 2054 291 2122 jecit,
326 2059 386 2111 V
379 2060 538 2110 ellern
535 2062 684 2111 etiam
703 2062 864 2111 Roma
886 2063 1002 2112 tolli
1017 2060 1186 2129 poffee.
1220 2060 1575 2125 constanter,

140 2130 343 2202 inquis,
373 2134 428 2184 δε
459 2134 690 2187 fortiter.
728 2133 970 2199 Quidni?
1003 2136 1106 2187 Sed
1137 2135 1244 2186 hoc
1273 2151 1303 2185 a
1326 2136 1574 2186 Maurico

140 2221 335 2258 novum
371 2223 490 2259 non
524 2207 615 2260 est.
655 2209 799 2259 Idem
844 2210 981 2276 apud
1008 2210 1245 2262 Nervam
1281 2208 1576 2277 imperato-

138 2295 244 2331 rem
277 2298 398 2334 non
433 2280 615 2334 minus
649 2282 880 2334 fortiter.
937 2284 1197 2335 Coenabat
1229 2284 1411 2335 Nerva
1449 2299 1573 2336 cum

136 2350 327 2420 paucis.
361 2353 604 2423 Veiento
623 2355 948 2423 proximus,
988 2370 1144 2424 atque
1173 2356 1336 2409 etiam
1366 2355 1424 2408 in
1451 2357 1576 2409 sinu

137 2430 485 2482 recumbebat.
527 2429 665 2481 Dixi
694 2431 913 2493 omnia,
954 2446 1118 2498 quum
1154 2430 1434 2482 hominem
1470 2447 1575 2483 no·

136 2502 350 2556 minavi.
379 2501 575 2555 Incidit
590 2506 765 2556 sermo
789 2507 853 2557 de
884 2506 1095 2557 Catullo
1115 2502 1456 2566 Messalino,
1482 2503 1579 2573 qui

137 2575 419 2629 {minibus
460 2591 678 2644 captus,
711 2577 931 2647 ingenio
968 2579 1114 2630 saevo
1151 2578 1288 2628 mala
1321 2577 1577 2630 caecitatis

135 2649 414 2702 addiderat.
456 2651 584 2702 Non
604 2653 919 2714 verebatur,
951 2667 1065 2703 non
1083 2650 1441 2712 erubescebat,
1464 2666 1579 2703 non

138 2722 509 2776 miserebatur·
534 2723 643 2793 quo
662 2725 850 2792 stepius
870 2741 899 2775 a
918 2723 1275 2793 Domitiano,
1298 2740 1412 2776 non
1429 2723 1580 2776 secus

137 2812 195 2848 ac
229 2799 367 2859 tela,
395 2815 512 2865 quae
546 2798 599 2849 ὅ(
618 2798 731 2865 ipsa
749 2814 884 2850 caeca
905 2786 958 2850 δι
980 2796 1284 2865 improvida
1302 2797 1579 2860 feruntur,

137 2867 196 2920 in
219 2871 487 2939 optimum
513 2887 778 2940 quemque
802 2886 1062 2939 contorqz·
1056 2871 1270 2924 -eb.atur
1315 2871 1402 2921 De
1424 2868 1582 2936 hujus

137 2944 372 3015 nequitia
407 2944 858 3018 sanguinariisque
888 2943 1166 3002 sententiis
1187 2960 1280 3070 Ιιῖιι
1295 2959 1584 2999 commune

1247 3034 1284 3085 ¹1
