1951 3720
297 315 556 390 EPts
584 320 1296 394 TozAE.Lib.VIII.
1403 346 1532 415 241

114 457 282 497 cantur
304 440 472 495 modo
499 482 515 506 ‚
555 442 608 495 δι
640 443 781 495 hunc
805 441 1041 495 nostrum
1077 445 1320 497 dolorem
1351 446 1544 516 gaudio

116 531 333 570 mutent.
383 518 542 569 Vale.
1496 520 1535 550 “«

194 637 304 692 XI.
346 636 680 689 Ptuuus
721 636 1128 689 Ηιετυιιι.
1171 651 1330 690 sua:
1370 639 1428 692 S.

411 758 593 808 Eadem
633 757 823 807 nuntiat
855 756 1230 815 amitaemxorIs.

116 831 204 957 Q
223 896 267 935 tr
283 895 328 935 u
345 894 398 933 M
423 879 668 933 affeffiun
697 893 849 931 tuum
881 898 1003 951 erga
1028 881 1203 935 fratris
1240 881 1407 937 filiam
1446 903 1544 939 co-

110 954 211 1022 gito
238 996 252 1019 ‚
286 955 451 1009 etiam
475 953 710 1007 materna
739 953 1067 1024 indulgentia
1093 956 1400 1010 molliorem
1417 1000 1430 1022 ,
1456 959 1544 1012 in-

36 1050 52 1106 3,
109 1029 282 1098 telligo
323 1028 471 1096 prius
503 1028 598 1080 tibi
621 1066 636 1091 ‚
679 1029 825 1096 quod
849 1027 921 1079 est
954 1028 1214 1097 posterius
1236 1069 1250 1092 ‚
1289 1032 1544 1085 nuntian-

106 1101 219 1153 dum
241 1144 256 1167 ‚
294 1118 357 1154 ut
398 1103 714 1170 praesumpta
757 1101 945 1154 laetitia
975 1101 1323 1155 sollicitudini
1358 1107 1542 1160 locum

36 1164 37 1237 s
106 1189 205 1227 non
235 1176 540 1244 relinquat:
575 1191 890 1244 quamquam
912 1191 1111 1227 vereor
1130 1215 1146 1239 ‚
1174 1193 1242 1228 ne
1274 1178 1392 1246 post
1423 1196 1544 1249 gra-

36 1258 39 1265 ·
106 1249 414 1318 tulationem
453 1264 667 1319 quoque
701 1248 756 1299 in
787 1263 989 1299 metum
1018 1250 1201 1301 redeas
1225 1289 1240 1313 ‚
1275 1265 1432 1319 atque
1467 1252 1544 1306 ita

103 1324 316 1390 gaudeas
350 1324 591 1391 periculo
614 1321 918 1383 liberatam,
949 1336 1010 1372 ut
1037 1321 1196 1374 simul
1227 1321 1373 1392 quod
1401 1325 1544 1393 peri-

101 1396 270 1449 clitata
309 1395 381 1449 sit
419 1395 803 1464 perhorrescas
842 1394 961 1448 Jam
995 1394 1181 1447 hilaris
1202 1436 1217 1459 ‚
1256 1395 1361 1461 jam
1391 1398 1494 1451 sibi
1522 1438 1542 1464 ,

97 1464 196 1532 jam
231 1470 365 1522 mihi
390 1469 618 1531 reddita,
651 1466 842 1535 incipit
864 1466 1048 1531 refici,
1079 1469 1541 1541 transmissumque

36 1598 37 1601 Ἴ
98 1540 376 1595 discrimen
405 1542 825 1596 convalescendo
844 1541 1042 1593 metiri.
1074 1542 1194 1594 Fuit
1213 1543 1455 1613 alioquin
1476 1546 1537 1599 in

96 1615 303 1669 summo
345 1615 644 1670 discrimine
680 1615 702 1683 (
730 1612 951 1682 impune
983 1613 1167 1667 dixiffe
1202 1615 1400 1685 liceat)
1434 1618 1538 1671 fuit

94 1689 235 1742 nulla
271 1689 363 1743 sua
386 1689 542 1758 culpa
565 1730 581 1753 ,
615 1688 783 1741 aetatis
806 1687 1002 1756 aliqua.
1037 1688 1164 1741 Inde
1194 1691 1407 1742 abortus
1432 1730 1448 1754 ‚
1483 1692 1537 1743 &

94 1761 326 1831 ignorati
365 1763 507 1816 uteri
542 1762 686 1815 triste
739 1761 1184 1831 experimentum.
1254 1762 1483 1816 Proinde
1518 1804 1539 1827 ,

93 1837 191 1890 etsi
231 1854 348 1891 non
383 1836 612 1908 contigit
652 1836 750 1889 tibi
785 1835 1106 1889 desiderium
1144 1834 1319 1890 fratris
1350 1836 1537 1891 amissi

92 1924 178 1963 aut
209 1926 412 1980 nepote
436 1911 549 1977 ejus
572 1951 587 1976 ‚
621 1925 711 1962 aut
729 1924 889 1978 nepte
912 1910 1107 1973 solari,
1142 1926 1416 1963 memento
1450 1926 1536 1964 ta-

91 1998 213 2036 men
231 1986 456 2038 dilatum
480 1984 648 2054 magis
678 1983 815 2035 istud
834 2023 847 2046 ‚
870 1981 1028 2053 quam
1054 1995 1302 2052 negatum
1318 2023 1334 2044 .
1365 2002 1532 2053 quum

87 2058 230 2111 salva
266 2059 344 2112 sit
381 2076 453 2110 ex
492 2076 594 2126 qua
633 2056 829 2126 sperari
873 2056 1063 2125 potest.
1125 2056 1293 2108 Simul
1341 2060 1533 2112 excusa

86 2133 222 2198 patri
247 2149 348 2185 tuo
369 2131 544 2189 casum
560 2171 579 2196 ‚
596 2130 684 2184 cui
711 2129 947 2201 paratior
967 2131 1109 2200 apud
1128 2130 1351 2184 feminas
1368 2132 1532 2186 venia

86 2204 173 2260 est.
217 2207 380 2262 Vale.
655 2202 662 2207 ⁴

111 2294 659 2381 'X11.⁸Ptru1us
698 2327 1187 2378 Muzuchffo
1229 2339 1376 2379 suo
1415 2329 1477 2384 S.

113 2433 423 2507 ,studiturus
461 2433 689 2486 Titinium
704 2430 889 2502 scripta
906 2430 997 2500 sua
1014 2433 1315 2496 recitantem,
1360 2428 1458 2504 ejus

89 2526 94 2529 ’
153 2524 158 2529 ’
580 2531 743 2581 laudes
786 2530 1036 2598 ptaedicae.

157 2576 208 2589 '⁸¹¹5

179 2640 363 2721 '3510
406 2652 582 2727 solum
620 2652 762 2723 diem
803 2653 1022 2707 excuso.
1073 2652 1407 2707 Recitaturus
1448 2656 1523 2708 est

99 2757 124 2797 2*
247 2736 318 2795 hs
357 2728 555 2796 Capito
573 2767 589 2791 ‚
624 2744 783 2797 quem
807 2744 909 2797 ego
941 2727 1121 2779 audire
1150 2727 1330 2785 nescio
1353 2729 1523 2799 magis

66 2792 337 2860 ffiam,
363 2800 434 2854 an
470 2801 698 2869 cupiam.
741 2800 846 2851 Vir
883 2800 957 2854 est
989 2800 1225 2870 optimus
1246 2802 1342 2865 ‚-&
1383 2801 1525 2856 inter

59 2874 349 2944 praecipua
387 2873 551 2928 seculi
591 2889 902 2927 ornamenta
951 2876 1304 2928 numerandus
1337 2894 1351 2928 ε
1390 2874 1525 2929 colit

59 2947 242 3003 studia
263 2987 282 3016 ‚
320 2947 584 3002 studiosos
620 2963 761 3002 amat
785 2986 802 3015 ‚
832 2949 1021 3016 fovet,
1056 2948 1348 3076 provfihin
1386 2951 1523 3004 mul-
