1951 3720
390 340 960 427 Eptsrom.
1005 357 1151 427 Lib.
1189 358 1296 428 111.
1468 375 1557 456 95

132 479 391 535 suetudine
414 494 693 548 parentum
715 519 730 543 ‚
756 482 892 548 apud
916 496 1052 548 quos
1075 480 1258 532 omnia
1277 479 1530 549 disposita
1545 520 1566 547 ,

134 557 384 607 moderata
405 593 420 616 ,
446 554 731 621 tranquilla
749 592 763 617 ‚
798 551 1119 618 majestatem
1139 554 1246 606 loci
1278 555 1568 622 pudorem·

135 644 226 696 que
264 627 571 679 retinebant.
605 627 896 695 Supersunt
920 627 1068 678 senes
1092 667 1107 690 ,
1142 643 1213 679 ex
1243 628 1434 696 quibus
1472 646 1568 681 au-

135 701 236 754 dire
288 701 434 753 soleo
484 702 627 751 hunc
668 700 912 752 ordinem
957 700 1325 754 comitiorum.
1383 701 1568 755 Citato

136 773 339 825 nomine
369 773 670 836 candidati,
701 774 973 826 silentium
1012 774 1294 827 summum.
1339 776 1571 828 Dicebat

136 846 236 915 ipse
275 864 373 914 pro
411 848 463 899 se
490 886 504 909 ‚
539 847 709 898 vitam
748 849 892 899 suam
928 847 1226 915 explicabat
1256 887 1272 913 ,
1320 848 1473 902 testes
1513 851 1568 902 δε

136 922 413 973 laudatores
438 921 588 972 dabat
607 959 621 982 ‚
645 923 736 972 vel
773 937 895 972 eum
924 921 1017 973 sub
1054 939 1162 991 quo
1202 921 1527 975 militaverat
1546 961 1566 986 ‚

137 996 215 1046 vel
249 1011 366 1046 eum
409 993 496 1045 cui
532 993 756 1061 quaestor
790 994 956 1046 fuerat
974 1034 988 1057 ,
1029 997 1118 1047 vel
1154 1010 1439 1064 utrumque
1466 1036 1481 1060 ‚
1517 996 1569 1050 si

136 1082 345 1136 poterat.
367 1069 606 1120 Addebat
628 1067 882 1135 quosdam
900 1083 972 1119 ex
991 1067 1421 1136 suffragatoribus
1443 1089 1456 1122 ε
1484 1069 1570 1122 illi

136 1140 353 1209 graviter
385 1141 438 1192 δι
475 1140 656 1208 paucis
693 1142 1064 1209 loquebantur.
1107 1142 1229 1194 Plus
1264 1143 1371 1194 hoc
1408 1142 1569 1212 quam

137 1230 303 1282 preces
347 1216 615 1282 proderat.
674 1216 1094 1282 Nonnumquam
1134 1216 1438 1267 candidatus
1478 1230 1571 1269 aut

137 1290 323 1340 natales
359 1287 740 1355 competitoris
757 1327 772 1350 ,
793 1303 881 1340 aut
904 1304 1074 1340 annos
1098 1327 1112 1351 ‚
1138 1304 1227 1340 aut
1262 1288 1424 1340 etiam
1448 1306 1572 1342 mo-

139 1377 215 1413 res
252 1364 519 1430 arguebat.
559 1361 815 1413 Audiebat
849 1362 1058 1413 senatus
1091 1362 1350 1431 gravitate
1381 1363 1573 1415 censo-

137 1435 236 1486 ria:
269 1435 344 1486 ita
374 1434 566 1503 saepius
587 1434 734 1503 digni
757 1433 917 1502 quam
949 1434 1172 1504 gratiosi
1194 1437 1573 1504 praevalebant.

140 1508 264 1574 Quae
301 1525 442 1560 nunc
477 1508 770 1560 immodico
806 1509 991 1560 favore
1022 1525 1298 1577 corrupta,
1329 1512 1392 1562 ad
1416 1509 1576 1563 tacita

138 1580 407 1651 suffragia,
446 1583 599 1649 quasi
639 1584 702 1634 ad
746 1581 1038 1634 remedium
1063 1621 1079 1645 ,
1120 1582 1526 1636 decucurrerunt
1555 1603 1577 1644 ·,

138 1657 276 1723 quod
311 1655 530 1707 interim
567 1655 722 1723 plane
760 1654 1053 1708 remedium
1089 1655 1190 1708 fuit
1229 1675 1244 1710 ι
1276 1670 1388 1710 erat
1428 1656 1576 1728 enim

138 1745 336 1780 novum
373 1730 428 1780 &
477 1728 725 1781 subitum.
767 1729 871 1780 Sed
908 1745 1105 1781 vereor
1141 1746 1206 1782 ne
1254 1732 1578 1798 procedente

138 1817 375 1872 tempore
411 1818 483 1854 ex
536 1801 653 1870 ipso
697 1803 933 1854 remedio
972 1800 1109 1853 vitia
1145 1802 1438 1856 nascantur.
1493 1803 1579 1855 Est

139 1876 273 1929 enim
310 1876 609 1946 periculum
643 1893 709 1928 ne
744 1875 920 1927 tacitis
953 1874 1213 1946 suffragiis
1248 1876 1581 1945 impudentia

141 1949 348 2019 irrepat.
384 1952 523 2003 Nam
543 1949 912 2018 quotocuique
944 1951 1128 2002 eadem
1147 1949 1433 2004 honestatis
1454 1968 1583 2005 cura

143 2023 337 2076 secreto
360 2062 375 2086 ,
407 2041 526 2093 quae
557 2024 775 2092 palam?
820 2022 985 2074 Multi
1033 2023 1227 2075 famam
1250 2063 1267 2088 ‚
1301 2023 1578 2077 conscien-

142 2096 260 2149 tiam
296 2096 459 2166 pauci
484 2110 751 2149 verentur.
788 2097 891 2148 Sed
922 2094 1084 2148 nimis
1108 2095 1218 2149 cito
1257 2099 1319 2148 de
1350 2098 1539 2150 futuris
1563 2118 1580 2152 ε

142 2166 353 2222 interim
394 2168 657 2223 beneficio
693 2170 998 2221 tabellarum
1036 2169 1343 2223 habebimus
1386 2170 1580 2241 magis-

142 2258 301 2297 tratus
323 2283 340 2307 ‚
375 2242 470 2315 qui
497 2240 734 2296 maxime
766 2241 886 2295 fieri
922 2244 1227 2298 debuerunt.
1265 2245 1402 2297 Nam
1436 2259 1496 2296 ut
1523 2245 1583 2298 in

143 2316 549 2386 ‘recuperatoriis
585 2315 794 2379 judiciis
816 2356 831 2379 ‚
871 2316 950 2368 sic
973 2332 1074 2368 nos
1105 2316 1163 2370 in
1184 2317 1268 2371 his
1300 2317 1539 2370 comitiis
1564 2358 1584 2386 ‚

142 2392 285 2460 quasi
307 2389 531 2476 repente
553 2389 867 2458 apprehensi
889 2429 905 2453 ‚
926 2389 1121 2443 sinceri
1144 2390 1339 2454 iudices
1363 2390 1582 2446 fuimus.

142 2462 263 2517 Haec
295 2465 398 2518 tibi
430 2462 653 2532 scripsi,
693 2463 927 2532 primum
959 2477 1021 2515 ut
1054 2465 1255 2533 aliquid
1282 2464 1418 2517 novi
1450 2465 1583 2518 scri-

141 2539 358 2599 berem·,
395 2538 585 2590 deinde
631 2551 690 2588 ut
740 2554 1145 2605 nonnumquam
1201 2540 1265 2590 de
1318 2539 1584 2607 republica

141 2612 389 2681 loquerer
415 2650 431 2676 ,
476 2610 624 2674 cujus
681 2612 918 2663 materiae
959 2610 1115 2662 nobis
1161 2609 1359 2679 quanto
1414 2611 1584 2665 rarior

144 2685 297 2752 quam
330 2684 605 2737 veteribus
631 2684 848 2735 occasio
865 2724 879 2747 ,
900 2682 1052 2736 tanto
1078 2684 1256 2736 minus
1288 2684 1583 2736 omittenda

144 2758 226 2812 est.
255 2760 324 2810 Et
341 2759 558 2810 hercule
581 2758 857 2826 quousque
877 2757 969 2809 illa
991 2757 1267 2827 vulgaria?
1299 2759 1405 2807 Eho
1421 2793 1437 2813 ,
1474 2760 1588 2826 quid

144 2834 236 2900 agis
257 2833 286 2882 ‚⁹
328 2835 498 2899 ecquid
521 2832 753 2881 commod&
786 2832 955 2882 vales?
984 2831 1225 2882 Habeant
1244 2829 1428 2882 nostrae
1454 2848 1583 2898 quo·

145 2921 241 2973 que
270 2904 468 2958 litterae
493 2901 692 2973 aliquid
727 2918 838 2956 non
868 2905 1070 2957 humile
1090 2944 1105 2969 ,
1144 2920 1242 2957 nec
1277 2903 1536 2955 sordidum
1564 2943 1584 2971 ‚

143 2994 235 3039 uec
256 2976 491 3049 privatis
509 2979 661 3034 rebus
681 2977 960 3032 inclusum.
998 2979 1134 3033 Sunt
1168 2978 1381 3050 quidem
1401 2976 1586 3031 cuncta
