1951 3720
441 264 1321 341 EPISroLAE.·Lib.X.
1473 288 1607 367 323

162 386 406 445 LVIII.
446 389 777 443 Fuluus
817 391 1198 446 Tannum
1250 392 1517 450 lurra.
1557 396 1619 453 S.

327 552 332 559 ,
404 512 495 564 Dc
528 510 756 582 religioso
791 513 970 582 ccmplo
1007 515 1359 582 transferendo.

155 608 250 705 A
272 667 426 706 ΝΤΕ
459 654 750 721 adventum
790 670 968 706 meum
991 694 1008 719 ,
1042 653 1317 717 Domine,
1354 656 1616 713 Nicome-

153 727 346 780 denses
394 728 567 797 priori
605 728 727 779 foro
764 744 971 779 novum
1014 728 1238 792 adjicere
1283 744 1564 797 coeperunt
1593 771 1611 798 ,

152 798 309 865 cujus
369 800 428 851 in
481 803 677 870 angulo
730 801 804 852 est
842 803 980 852 aedes
1022 802 1378 855 vetustissima
1416 806 1610 860 Matris

158 873 377 944 Magne
408 914 426 938 ,
468 887 558 926 aut
610 871 935 938 reficienda3
973 888 1065 926 ant
1103 876 1499 939 transferendas
1538 879 1611 933 ob

153 945 259 999 hoc
295 946 566 1016 praecipue
588 986 604 1011 ‚
621 996 624 997 γ
642 945 786 1016 quod
807 948 882 1000 est
902 946 1073 1001 multo
1104 950 1408 1018 depressior
1440 970 1607 1021 opere

152 1038 222 1074 eo
240 1059 257 1084 ‚
285 1024 436 1091 quod
459 1029 623 1090 quum
658 1021 891 1074 maxime
914 1023 1097 1092 surgit.
1136 1024 1249 1093 Ego
1270 1041 1435 1092 quum
1456 1044 1607 1094 quae-

153 1112 331 1147 rerem
352 1113 482 1147 num
501 1093 628 1147 esset
648 1097 821 1164 aliqua
839 1098 929 1147 lex
949 1097 1084 1147 diCta
1105 1101 1310 1166 templo
1327 1136 1342 1161 ‚
1365 1098 1609 1169 cognovi

156 1168 324 1220 alium
354 1170 442 1221 hic
466 1209 482 1232 ,
513 1169 678 1222 alium
710 1171 849 1238 apud
881 1186 983 1221 nos
1015 1167 1118 1221 effe
1154 1187 1361 1223 morem
1394 1173 1610 1226 dedica·

153 1241 344 1301 tionis,
381 1241 602 1310 Dispice
631 1259 758 1313 ergo
783 1281 797 1305 ‚
829 1243 1073 1295 Domine
1093 1281 1111 1307 ‚
1133 1261 1201 1296 an
1223 1258 1377 1313 putes
1398 1249 1566 1299 aedem
1588 1285 1609 1310 .

153 1318 239 1369 eui
281 1317 429 1368 nulla
481 1317 573 1368 lex
609 1316 745 1369 dicia
784 1316 857 1368 est
890 1355 905 1379 ‚
958 1317 1104 1370 salvii
1154 1317 1416 1388 religione
1454 1320 1608 1388 posse

156 1389 482 1443 transferri:
529 1391 771 1458 alioquin
825 1391 1327 1445 commodissimum
1372 1390 1446 1445 est
1485 1433 1500 1460 ,
1555 1393 1610 1448 si

153 1464 356 1541 religio
396 1480 510 1516 non
539 1463 781 1532 impedit.

363 1583 533 1639 LIX.
575 1584 998 1637 TnAsAnus
1037 1584 1322 1636 ano
1361 1586 1417 1640 S.

155 1692 238 1781 P
255 1741 290 1777 o
310 1739 394 1777 τε
411 1741 441 1776 s
462 1760 481 1783 ,
520 1726 583 1776 mi
604 1724 818 1775 Secunde
851 1724 1087 1774 carissime
1105 1757 1121 1783 ‚
1158 1725 1259 1777 sinc
1273 1723 1606 1793 sollicitudine

153 1800 404 1870 religionis
428 1833 444 1858 ‚
483 1801 525 1848 si
567 1800 666 1850 loci
706 1798 888 1870 positio
937 1800 1126 1848 videtur
1169 1800 1256 1849 hoc
1298 1801 1561 1851 desiderare
1587 1835 1606 1859 ‚

156 1878 297 1927 aedcm
316 1876 503 1925 Macris
524 1875 686 1925 Desint
707 1872 962 1940 transferre
981 1874 1030 1923 in
1052 1891 1153 1924 earn
1174 1906 1190 1930 ‚
1216 1889 1313 1942 quae
1335 1875 1400 1937 est
1418 1892 1608 1925 accom-

156 1951 400 2000 modatior
418 1964 436 1999 .·
457 1965 542 1999 nec
559 1964 606 1999 ce
623 1963 810 1997 moveat
826 1982 841 2007 ‚
873 1948 999 2014 quid
1029 1948 1110 1997 lex
1133 1948 1446 2000 dedicationis
1468 1947 1608 1999 nulla

154 2025 393 2092 reperitur
413 2055 427 2080 ‚
454 2040 587 2089 quum
601 2019 759 2088 solum
788 2027 1048 2090 peregrina
1079 2022 1290 2074 civitatis
1320 2039 1474 2092 capax
1506 2040 1607 2074 non

154 2098 216 2148 sic
248 2097 571 2147 dedicationis
594 2130 610 2155 ,
648 2114 742 2163 quae
757 2095 824 2163 fit
851 2097 1009 2158 nostro
1036 2095 1156 2158 jure.

207 2218 342 2272 Lx,
386 2217 706 2286 Ptnuus
744 2214 1128 2266 TRAIANO
1170 2216 1437 2272 Intret.
1477 2217 1536 2274 S.

639 2319 716 2371 Ob
755 2320 876 2370 diem
927 2321 1133 2389 imperii·

154 2414 390 2515 Dmn
414 2501 431 2526 ,
451 2459 695 2514 Domine
715 2501 732 2525 ,
754 2479 864 2530 quo
883 2458 1098 2513 servasti
1133 2460 1417 2532 imperium
1438 2503 1455 2528 ,
1478 2463 1607 2518 dunt

141 2535 386 2608 ‚suscipis
407 2575 423 2598 ,
459 2535 653 2605 quant&
691 2536 910 2589 mereris
953 2534 1143 2589 laetitia
1180 2538 1564 2591 celebravimus
1592 2576 1613 2603 ,

155 2610 361 2677 precati
381 2611 511 2662 deos
529 2650 546 2675 ,
584 2624 645 2663 ut
676 2626 729 2662 te
761 2609 939 2681 generi
959 2610 1195 2662 humano
1216 2651 1234 2676 ,
1269 2611 1419 2676 cujus
1442 2614 1612 2666 tutela

161 2683 213 2735 δι
237 2684 491 2737 securitas
524 2683 677 2737 saluti
698 2699 800 2736 tuae
820 2683 992 2736 innisa
1017 2683 1090 2736 est
1109 2725 1125 2748 ,
1149 2684 1477 2739 incolumem
1503 2686 1614 2738 flo-

158 2774 476 2826 rentemque
523 2753 839 2827 prestarent.
886 2755 1201 2811 Praeivimus
1245 2761 1298 2812 &
1337 2759 1614 2816 commili-

161 2831 381 2884 tonibus
413 2830 773 2896 jusjurandum
804 2848 956 2883 more
992 2831 1197 2884 solenni
1218 2833 1577 2900 praestantibus
1598 2873 1619 2898 ‚

164 2905 215 2956 &
236 2905 657 2972 provincialibus
681 2945 696 2969 ,
736 2905 829 2974 qui
863 2907 1047 2958 eadem
1080 2921 1348 2959 certarunt
1369 2907 1566 2975 pietate
1595 2945 1616 2970 ,

162 2976 482 3044 jurantibus.
1180 2978 1233 3031 Ο
1258 2978 1316 3044 vj
1371 3033 1379 3040 ,
