1951 3720
339 296 611 362 Epts
650 310 972 362 ToLAE.
1023 292 1172 363 Lib.
1207 293 1321 364 111.
1475 292 1574 386 89

149 415 283 469 duxit
301 416 575 485 exsequias
598 456 614 479 ,
647 431 707 468 ut
736 413 1007 485 ignoraret
1045 412 1284 467 maritus,
1324 413 1572 482 Quinim-

150 507 228 542 mo
273 490 480 558 quoties
536 490 838 541 cubiculum
894 487 1009 553 ejus
1058 489 1281 541 intraret
1317 528 1332 550 ,
1382 487 1575 540 vivere

151 561 298 614 filium
328 601 342 625 ‚
382 578 539 630 atque
584 562 747 613 etiam
784 562 1215 613 commodiorem
1263 561 1365 614 effe
1405 561 1574 613 simu-

151 637 296 687 labat:
334 652 390 686 ac
421 635 658 703 persaepe
696 634 1046 704 interroganti
1073 635 1187 702 quid
1214 651 1375 704 ageret
1413 654 1532 701 puer
1558 669 1574 695 ,

154 708 468 775 respondebat
491 748 506 771 ‚
544 708 679 759 Bene
710 710 912 776 quievit,
948 710 1154 759 libenter
1184 709 1332 759 cibum
1360 706 1579 777 sumpsit.

153 781 334 833 Deinde
370 798 537 851 quum
577 782 668 834 diu
708 781 954 834 cohibitae
1002 784 1254 851 lacrymae
1291 780 1580 833 vincerent

153 868 638 922 prorumperentque
665 894 679 918 ‚
722 854 1115 924 egrediebatur:
1150 870 1277 906 tunc
1316 855 1367 907 se
1400 855 1580 906 dolori

155 928 311 978 dabat:
342 927 526 980 satiata
550 967 564 991 ‚
604 926 758 980 siccis
800 928 973 980 oculis
1009 967 1024 990 ‚
1063 927 1372 995 composito
1419 929 1580 980 vultu

155 1000 352 1063 redibat,
367 1016 639 1068 tamquam
664 1000 944 1052 orbitatem
963 1000 1096 1052 foris
1119 999 1577 1069 reliquiffet.Prae-

155 1076 322 1125 clarum
363 1074 580 1142 quidem
610 1074 742 1126 illud
765 1072 997 1139 ejusdem
1018 1113 1033 1136 ‚
1058 1074 1256 1126 ferrum
1280 1074 1533 1142 stringere
1562 1113 1580 1138 ,

154 1147 398 1213 perfodere
439 1146 623 1215 peetus
650 1187 666 1210 ,
704 1148 982 1198 extrahere
1030 1148 1322 1215 pugionem
1356 1185 1372 1208 ‚
1409 1146 1584 1214 porri·

155 1234 255 1287 gere
275 1219 467 1272 marito
492 1259 507 1282 ‚
543 1222 729 1272 addere
749 1236 948 1272 vocem
975 1219 1337 1272 immortalem
1358 1236 1416 1270 ac
1440 1236 1583 1286 pene

154 1290 364 1343 divinam
386 1332 403 1356 ,
434 1293 565 1343 Paete
588 1327 604 1352 ‚
629 1312 725 1343 non
747 1295 896 1343 dolet.
926 1294 1032 1344 Sed
1050 1307 1227 1344 tamen
1250 1291 1466 1344 facienti
1490 1291 1586 1346 ista

155 1364 430 1434 dicentique
455 1366 628 1436 gloria
661 1366 713 1417 ὅ(
745 1365 1011 1418 aeternitas
1036 1379 1156 1416 ante
1181 1368 1369 1417 oculos
1394 1379 1544 1417 erant
1566 1383 1584 1419 t

156 1436 244 1505 quo
294 1438 459 1504 majus
504 1438 577 1490 est
628 1439 745 1491 sine
793 1439 1019 1507 praemio
1075 1439 1388 1490 aeternitatis
1407 1477 1422 1502 ‚
1464 1438 1584 1491 sine

155 1512 351 1578 praemio
409 1512 596 1582 gloriae
646 1514 831 1564 abdere
881 1515 1179 1581 lacryma,
1222 1513 1433 1580 operire
1466 1513 1586 1563 luc-

157 1598 278 1649 tum,
311 1585 603 1655 amiffoque
635 1584 754 1637 filio
779 1601 1005 1637 matrem
1030 1586 1196 1637 adhuc
1227 1602 1400 1653 agere.
1449 1585 1589 1637 Scri·

161 1658 395 1712 bonianus
427 1677 572 1711 arma
603 1658 662 1711 in
681 1658 902 1728 Illyrico
939 1674 1126 1711 contra
1160 1657 1438 1712 Claudium
1463 1673 1585 1710 mo·

162 1747 289 1784 verat
312 1751 325 1786 ς
351 1733 521 1786 fuerat
551 1732 726 1785 Paetus
755 1732 813 1784 in
839 1732 1076 1800 partibus
1104 1770 1118 1793 ‚
1158 1732 1210 1783 &
1249 1730 1427 1782 occiso
1454 1729 1590 1783 Scri·

158 1804 365 1858 boniano
390 1845 407 1871 ,
446 1807 678 1858 Romam
724 1807 1041 1871 trahebatur.
1084 1806 1205 1857 Erat
1248 1804 1587 1857 adscensurus

159 1895 325 1933 navem
347 1900 360 1932 ε
394 1880 552 1933 Arria
576 1880 775 1932 milites
796 1881 980 1932 orabat
1003 1894 1062 1930 ut
1087 1880 1246 1930 simul
1280 1878 1585 1946 imponere-

160 1965 243 2005 tur.
279 1956 458 2024 Nempe
503 1956 624 2005 em‘m
650 1988 665 2014 ‚
712 1953 891 2022 inquit
922 1993 937 2016 ‚
991 1953 1149 2002 daturi
1197 1953 1300 2016 estis
1346 1949 1591 2020 consulari

163 2027 244 2076 viro
264 2025 478 2091 servulos
501 2028 686 2095 aliquos
706 2062 722 2086 ,
759 2046 947 2094 quorum
983 2047 1008 2076 e
1039 2046 1176 2077 manu
1211 2027 1361 2076 cibum
1392 2027 1585 2093 capiat,

163 2117 186 2146 a
214 2101 357 2166 quibus
393 2102 653 2163 vestiatur,
687 2119 718 2149 a
761 2100 920 2167 quibus
952 2102 1186 2150 calcietur
1221 2117 1257 2149 .·-
1280 2100 1434 2149 omnia
1469 2096 1584 2163 sola

159 2174 377 2238 prastabo.
416 2175 545 2226 Non
576 2172 903 2241 impetravit.
935 2172 1209 2225 Conduxit
1240 2172 1583 2239 piscatoriam

164 2246 432 2298 naviculam
456 2287 470 2310 ‚
510 2246 802 2316 ingensque
835 2246 1113 2316 navigium
1137 2245 1366 2296 minimo
1409 2246 1589 2297 secuta

165 2317 241 2370 est.
280 2320 462 2371 Eadem
501 2321 641 2387 apud
665 2319 944 2371 Claudium
964 2359 980 2383 ‚
1012 2318 1172 2370 uxori
1210 2317 1586 2383 Scriboniani,

167 2407 304 2458 quum
341 2393 435 2445 illa
471 2391 814 2460 profiteretur
853 2392 1106 2445 indicium
1130 2430 1146 2454 ,
1189 2393 1293 2461 Ego
1315 2426 1328 2449 ,
1371 2391 1548 2459 inquit
1571 2431 1586 2456 ,

168 2479 204 2513 te
231 2468 402 2516 audiam
422 2501 437 2527 ‚
471 2467 597 2533 cujus
635 2468 684 2517 in
705 2467 880 2535 gremio
918 2466 1253 2516 Scribonianus
1285 2465 1462 2532 occisus
1485 2467 1549 2523 est
1570 2502 1587 2523 ,

173 2538 211 2586 ἃ
241 2540 394 2591 vivis?
439 2541 520 2591 Ex
557 2556 666 2608 quo
713 2538 1045 2591 manifestum
1089 2537 1163 2590 est
1199 2537 1251 2589 ei
1299 2538 1590 2589 consilium

170 2612 502 2676 pulcherrimae
560 2611 751 2664 mortis
801 2628 912 2664 non
942 2611 1171 2663 subitum
1205 2609 1375 2663 fuiffe.
1440 2612 1590 2676 Quin

171 2683 306 2735 etiam
338 2703 496 2754 quum
532 2686 761 2737 Thrasea
792 2702 953 2754 gener
994 2684 1106 2750 ejus
1139 2685 1502 2751 deprecaretur
1523 2700 1591 2736 ne

173 2757 290 2808 mori
317 2772 554 2827 pergeret
572 2798 586 2820 ‚
617 2758 858 2827 interque
889 2757 989 2810 alia
1015 2755 1257 2820 dixiffet,
1285 2757 1354 2808 Tu
1383 2758 1454 2806 vis
1479 2776 1590 2823 ergo

165 2828 297 2894 filiam
313 2848 431 2881 tuam
446 2867 460 2891 ,
487 2832 530 2881 si
541 2832 653 2882 mihi
661 2834 944 2899 pereundum
949 2830 1102 2897 fuerit
1120 2866 1133 2888 ,
1151 2832 1269 2880 mori
1281 2848 1450 2879 mecum
1473 2830 1496 2878 ?
1514 2846 1592 2880 re-

176 2900 382 2971 spondit,
397 2905 454 2957 Si
473 2921 570 2956 tam
592 2906 671 2958 diu
691 2906 916 2974 cumdque
937 2905 1196 2957 concordid
1216 2904 1388 2956 vixerit
1410 2918 1555 2955 tecum
1570 2937 1587 2964 ‚
