1951 3720
585 242 627 259 Q

295 350 872 421 EPISTOLAE.
901 350 1301 422 Lib.VIII.
1413 368 1555 448 259

112 471 403 525 humanitas
434 511 450 537 ‚
486 472 680 524 litterae
701 512 717 537 ‚
760 472 925 525 etiam
960 472 1139 542 fruges
1175 471 1408 525 inventae
1450 471 1558 525 effe

113 548 426 606 creduntur·,
465 544 675 598 miffum
711 547 775 598 ad
808 545 1163 599 ordinandum
1198 543 1385 597 statum
1417 545 1553 597 libe·

114 635 274 671 rarum
307 620 591 672 civitatum
615 659 630 683 ,
677 619 732 672 id
777 618 886 683 est,
922 622 987 671 ad
1022 618 1281 693 homines
1318 616 1557 671 maxime

116 693 348 745 homines
370 733 388 757 ‚
426 695 491 745 ad
523 693 723 746 liberos
759 691 996 746 maxime
1020 691 1216 746 liberos
1242 731 1258 756 ‚
1292 691 1384 762 qui
1415 690 1502 758 jus
1523 706 1557 744 a

117 780 283 818 natura
333 768 536 818 datum·
562 767 764 819 virtute
785 807 800 830 ‚
850 765 1057 819 meritis
1078 806 1093 830 ,
1132 764 1367 818 amicitia
1388 805 1403 827 ‚
1445 765 1556 817 foe-

115 840 226 891 dere
254 840 517 909 denique,
545 841 599 892 δε
639 840 901 909 religione
926 854 1228 892 tenuerunt.
1284 840 1557 890 Reverere

119 914 411 966 conditores
447 915 575 966 deos
596 952 613 979 ‚
644 915 696 966 &
738 913 960 966 nomina
996 916 1239 965 deorum.
1283 913 1557 964 Reverere

119 986 329 1054 gloriam
375 980 617 1039 veterem
640 1027 655 1051 ‚
695 986 746 1038 &
781 987 915 1038 hanc
962 986 1131 1056 ipsam
1160 985 1502 1037 ‘senectutem
1534 1022 1554 1048 ‚

120 1075 220 1126 quae
245 1060 302 1111 in
319 1059 545 1112 homine
575 1059 926 1119 venerabilis,
953 1059 1011 1110 in
1032 1058 1246 1111 urbibus
1281 1058 1436 1110 sacta.
1472 1057 1558 1110 Sit

118 1134 238 1200 apud
267 1147 320 1185 te
353 1134 535 1185 honor
564 1133 899 1202 antiquitati,
936 1132 1008 1184 sit
1039 1131 1340 1202 ingentibus
1364 1130 1514 1183 factis
1539 1169 1557 1195 ,

120 1205 179 1257 sit
209 1206 400 1258 fabulis
439 1223 670 1275 quoque.
723 1207 873 1259 Nihil
908 1221 980 1256 ex
1030 1206 1336 1275 cujusquam
1378 1202 1557 1274 digni-

120 1293 212 1331 tate
230 1319 246 1344 ,
276 1279 416 1331 nihil
453 1296 524 1331 ex
547 1282 785 1332 libertate
812 1318 828 1343 ‚
859 1278 1000 1331 nihil
1035 1295 1105 1330 ex
1136 1276 1422 1343 iactatione
1460 1279 1557 1330 de-

119 1353 382 1421 cerpseris.
442 1353 590 1405 Habe
628 1367 748 1405 ante
784 1355 973 1405 oculos
1010 1352 1145 1403 hanc
1188 1348 1289 1402 effe
1323 1363 1514 1401 terram
1535 1389 1554 1415 ,

122 1440 227 1494 quae
259 1426 419 1478 nobis
452 1425 653 1478 miserit
687 1424 800 1491 jura
822 1465 838 1490 ‚
877 1443 995 1494 quae
1033 1426 1178 1496 leges
1205 1441 1317 1475 non
1352 1422 1513 1476 vietis
1541 1462 1561 1489 ,

125 1498 205 1549 sed
224 1499 527 1566 petentibus
563 1500 763 1552 dederit
786 1520 803 1560 ·,
834 1500 1066 1552 Athenas
1087 1497 1190 1550 effe
1221 1514 1349 1567 quas
1370 1499 1523 1549 adeas
1542 1536 1559 1563 ‚

122 1571 546 1624 Lacedaemonem
595 1572 696 1624 effe
740 1590 897 1646 quam
932 1589 1081 1643 regas
1123 1591 1137 1624 t
1188 1571 1377 1639 quibus
1428 1572 1559 1622 reli-

123 1642 268 1712 q'uam
310 1647 554 1697 umbram
578 1686 593 1710 ‚
645 1647 698 1699 &
745 1647 1013 1700 residuum
1048 1644 1305 1698 libertatis
1355 1660 1560 1696 nomen

122 1717 313 1786 eripere
329 1760 343 1782 ‚
376 1720 565 1771 durum
582 1760 595 1783 ‚
618 1720 787 1772 ferum
810 1760 825 1784 ,
849 1720 1227 1787 barbarumque
1251 1716 1342 1771 est.
1384 1717 1558 1769 Vides

123 1808 148 1842 a
164 1792 375 1844 medicis
398 1832 413 1856 ,
435 1811 756 1863 quamquam
778 1794 833 1845 in
853 1794 1067 1845 adversa
1094 1790 1399 1844 valetudine
1424 1789 1561 1843 nihil

124 1866 251 1918 servi
291 1884 352 1919 ac
388 1868 542 1919 liberi
565 1867 808 1920 differant
833 1908 848 1932 ,
892 1868 1110 1920 mollius
1148 1883 1326 1919 tamen
1360 1867 1561 1918 liberos

125 1940 529 2008 clementiusque
567 1941 798 1994 tractari.
836 1943 1134 1993 Recordare
1172 1939 1299 2009 quid
1334 1955 1561 2008 quaeque

125 2011 301 2064 civitas
342 2013 538 2073 fuerit3
574 2030 685 2065 non
716 2030 776 2066 ut
810 2014 1067 2082 despicias
1090 2053 1104 2078 ,
1142 2011 1285 2082 quod
1325 2011 1427 2064 effe
1464 2014 1556 2064 de·-

129 2084 280 2138 sierit.
326 2087 482 2138 Absit
524 2088 763 2155 superbia
791 2126 806 2150 ,
849 2088 1099 2155 asper-itas
1131 2105 1147 2145 3
1184 2088 1281 2138 ne'c
1316 2084 1560 2137 timueris

116 2173 502 2227 contemptum.
551 2161 637 2211 An
678 2160 1071 2223 contemnitur,
1103 2161 1196 2228 qui
1235 2160 1517 2227 imperium
1542 2197 1561 2222 ‚

129 2232 209 2299 qui
230 2233 396 2284 fasces
431 2233 588 2285 habet
612 2272 627 2294 ‚
660 2234 765 2285 nisi
802 2234 1021 2286 humilis
1047 2274 1062 2297 ‚
1097 2234 1149 2284 &
1184 2234 1420 2285 sordidus
1446 2270 1460 2295 ,
1506 2232 1559 2283 ὅτ.

131 2305 209 2372 qui
239 2305 294 2358 se
324 2304 529 2373 primus
566 2307 677 2374 ipse
702 2306 1040 2359 contemnit?
1079 2305 1225 2359 Mal'e
1254 2306 1370 2357 vim
1411 2306 1558 2357 suam

132 2378 344 2444 potestas
394 2379 622 2431 aliorum
672 2380 1014 2432 contumeliis
1046 2380 1366 2446 experitur,
1416 2376 1559 2430 male

131 2465 316 2504 terrore
334 2453 616 2505 veneratio
640 2453 929 2520 acquiritur
951 2472 968 2513 ;
998 2451 1263 2521 longeque
1284 2452 1554 2504 valentior

133 2539 267 2577 amot
305 2527 370 2577 ad
404 2525 753 2578 obtinendum
787 2527 933 2594 quod
961 2526 1136 2588 velis,
1173 2524 1329 2594 quam
1372 2526 1559 2578 timot.

132 2597 253 2649 Nam
312 2598 481 2649 timor
525 2599 632 2650 abit
674 2599 719 2650 si
755 2600 965 2651 recedas
997 2638 1012 2661 ‚
1050 2614 1226 2650 manet
1269 2615 1459 2656 amor3
1502 2612 1563 2648 ac

135 2669 232 2732 sic,
271 2685 331 2722 ut
371 2671 463 2722 ille
496 2670 553 2722 in
595 2671 778 2723 odium
802 2711 817 2734 ‚
846 2671 933 2724 hic
964 2671 1021 2723 in
1052 2670 1405 2723 reverentiam
1434 2686 1560 2721 ver·-

133 2741 270 2795 titur.
294 2744 375 2795 Te
396 2741 529 2795 vero
547 2744 708 2796 etiam
727 2760 882 2812 atque
902 2744 1063 2796 etiam
1083 2746 1349 2812 (repetam
1369 2741 1513 2793 enim
1536 2745 1558 2807 )

133 2815 418 2868 meminiss‘e
459 2831 677 2884 oportet
719 2817 880 2869 officii
925 2817 1005 2868 tui
1057 2816 1271 2867 titulum
1299 2854 1314 2877 ‚
1355 2830 1413 2865 ac
1462 2813 1561 2868 tibi

133 2886 296 2954 ipsum
331 2888 665 2958 interpretari
685 2930 700 2953 ‚
734 2893 885 2958 quale
923 2904 1283 2958 quantumque
1314 2887 1383 2938 sit
1414 2887 1559 2937 ordi·

135 2975 252 3015 nare
270 2961 455 3017 statum
477 2962 756 3017 liberarum
781 2963 1079 3017 civitatum.
1113 2964 1248 3014 Nam
1269 2959 1398 3031 quid
1415 2959 1561 3013 ordi-
