1951 3720
376 307 563 376 ΕΡΙ
589 318 776 375 S-To
799 320 845 374 L
870 307 1134 377 AE.'Lib.
1160 305 1284 379 111.
1451 329 1546 403 97

206 429 379 497 Arpinis
401 448 579 498 quoque
609 447 885 497 ‘comparare
913 429 1109 480 chartis.

208 504 329 552 Seras
359 504 509 553 tutior
540 502 629 552 ibis
663 506 726 551 ad
760 503 975 552 lucernas
998 521 1016 561 ‚·

212 575 308 626 Haec
338 578 447 625 bora
483 576 547 639 est
580 591 661 626 tua
681 611 696 635 ,
724 596 859 643 quum
872 576 999 642 furit
1023 576 1191 643 Lyaeus
1214 590 1232 625 .·

213 648 342 719 Quum
367 664 540 717 regna-t
565 643 674 717 rosa,
698 685 711 706 ,
747 668 881 717 quum
912 652 1103 699 madent
1137 647 1308 718 capilli
1327 664 1347 699 .·

212 722 319 772 Tunc
349 740 415 773 me
456 723 538 772 vel
567 723 710 791 rigidi
742 725 905 791 legant
938 727 1160 779 Catones.

156 814 379 869 Meritt'me
412 834 539 870 eum
578 816 671 885 qui
709 817 824 870 haec
863 820 926 869 de
950 835 1038 870 me
1062 817 1274 886 scripsit
1297 858 1313 883 ‚
1343 818 1396 870 δε
1419 831 1554 873 tune

157 890 297 941 dimisi
324 889 646 948 amicissim&
670 930 685 952 ‚
724 893 776 943 δι
810 908 950 943 nunc
970 932 986 954 ‚
1019 905 1080 944 ut
1119 890 1502 945 amicissimum
1532 932 1548 957 ‚

157 963 402 1017 defunstum
438 963 542 1017 effe
582 965 783 1018 doleo?
827 965 993 1016 Dedit
1025 965 1172 1017 enim
1206 965 1341 1017 mihi
1378 984 1548 1034 quan-

155 1048 240 1088 tum
266 1038 551 1090 maximum·
569 1038 753 1104 potuit
772 1077 787 1102 ,
822 1039 1038 1090 daturus
1063 1038 1290 1105 amplifis
1307 1078 1322 1102 ‚
1359 1039 1407 1090 si
1441 1057 1550 1108 po-

155 1108 305 1163 tuifl'et.
337 1110 572 1163 Tametsi
597 1111 725 1179 quid
752 1111 963 1163 homini
994 1110 1166 1179 potest
1192 1111 1304 1163 dari
1338 1110 1508 1177 majus
1527 1151 1548 1177 ,

156 1182 275 1249 quam
300 1184 493 1254 gloria,
520 1185 573 1235 ὅτ.
592 1185 704 1236 laus
724 1224 739 1249 ‚
765 1186 817 1236 δι
836 1184 1102 1237 aeternitas
1125 1186 1146 1238 ἓ
1166 1186 1236 1235 At
1255 1201 1370 1236 non
1392 1202 1553 1239 erunt

152 1270 306 1317 aterna
342 1276 455 1326 quae
499 1257 746 1324 scripsit.·
792 1259 921 1310 Non
962 1271 1118 1310 erunt
1157 1255 1410 1311 fortaffe:
1453 1257 1550 1314 ille

153 1340 293 1384 tamen
319 1330 522 1401 scripsit
555 1346 826 1401 tamquam
850 1330 1020 1386 effent
1049 1333 1244 1388 futura.
1276 1332 1436 1389 Vale.
