1951 3720
324 228 418 302 86
640 226 907 294 C'Att
983 226 1405 295 ΡιιΝιι

319 349 562 403 tudinem
602 348 838 402 materiae
862 388 877 412 ‚
921 348 996 400 ita
1032 348 1416 401 difficultatem.
1468 349 1531 399 In
1573 347 1775 400 ceteris

317 424 465 476 enim
492 422 749 476 lerrem
784 421 1002 475 novitas
1032 421 1147 490 ipsa
1175 422 1442 474 intentum
1472 421 1629 473 habet
1660 440 1679 481 ;
1707 421 1771 473 in

316 498 415 550 hac
436 534 452 558 ,
487 511 648 560 nota,
683 499 900 566 vulgata
919 535 936 561 ‚
968 496 1107 550 dicta
1143 495 1264 548 sunt
1304 494 1486 548 omnia
1506 514 1525 547 τ
1557 492 1669 564 quo
1703 494 1771 547 fit

314 586 377 623 ut
400 571 550 640 quasi
574 570 783 624 otiosus
813 570 1126 639 securusque
1154 569 1323 622 lestor
1352 569 1557 621 tantum
1577 570 1771 621 elocu-

315 644 458 697 tioni
504 660 659 697 vacet
690 683 707 708 ,
750 644 809 696 in
861 661 965 713 qua
1004 644 1300 696 satisfacere
1341 642 1607 695 difficilius
1634 641 1726 693 'est
1750 680 1771 706 ,

316 735 483 787 quum
502 719 613 771 sola
650 716 951 771 aestimatur.
985 719 1163 786 Atque
1191 716 1396 769 utinam
1417 719 1554 769 ordo
1578 715 1771 769 saltem

318 791 373 844 &
403 792 656 845 transitus
689 793 741 843 δε
768 790 952 861 figurae
988 792 1148 843 simul
1185 790 1578 859 specstarentur!
1622 791 1773 842 Nam

318 865 566 918 invenire
600 864 853 934 praeclare
889 905 905 928 ,
948 865 1226 917 enuntiare
1266 862 1550 934 magnifice
1590 862 1768 916 inter·

317 940 443 991 dum
465 939 628 992 etiam
663 937 865 991 barbari
885 939 1092 991 solent:
1125 938 1406 1006 disponere
1429 935 1550 1006 apte
1573 976 1589 1000 ‚
1622 935 1772 1007 figu-

316 1029 432 1064 rare
472 1010 622 1065 varie
644 1051 659 1075 ‚
679 1012 786 1065 nisi
806 1012 1026 1065 eruditis
1043 1051 1058 1075 ‚
1080 1027 1330 1081 negatum
1366 1011 1456 1065 est.
1493 1012 1607 1063 Nec
1630 1008 1771 1064 vero

316 1084 604 1138 affectanda
638 1087 757 1137 sunt
789 1086 997 1153 semper
1029 1088 1165 1138 elata
1192 1086 1244 1137 δε
1278 1086 1500 1137 excelsa.
1538 1086 1678 1136 Nam
1701 1097 1768 1136 ut

317 1158 378 1211 in
408 1158 612 1228 pistura
633 1161 815 1211 lumen
844 1176 957 1211 non
987 1160 1089 1211 alia
1109 1176 1192 1211 res
1216 1160 1382 1229 magis
1404 1157 1562 1227 quam
1579 1158 1772 1210 umbra

316 1235 656 1286 commendat
669 1272 684 1297 ,
707 1232 780 1286 ita
802 1232 1105 1285 orationem
1123 1247 1232 1285 tam
1251 1232 1580 1285 summittere
1601 1230 1768 1299 quam

315 1309 564 1360 attollere
604 1308 771 1360 decet.
811 1308 948 1370 Sed,
985 1306 1113 1375 quid
1152 1324 1256 1377 ego
1291 1307 1404 1359 haec
1445 1305 1771 1358 dostissimo

313 1378 487 1434 viro?
526 1380 676 1448 Quin
710 1380 891 1448 potius
926 1381 1057 1433 illud
1078 1420 1094 1444 ,
1142 1384 1342 1432 Adnoea
1385 1397 1481 1449 quae
1519 1381 1772 1448 putaveris

316 1455 618 1525 corrigenda.
668 1455 747 1507 Ita
790 1452 937 1507 enim
977 1454 1145 1525 magis
1184 1456 1393 1508 credam
1437 1467 1611 1506 cetera
1661 1452 1769 1506 tibi

313 1529 521 1595 placere
536 1567 551 1591 ‚
576 1528 625 1581 si
648 1530 887 1598 quaedam
905 1527 1221 1597 displicuiss'e
1241 1543 1575 1599 cognovero,
1601 1526 1776 1581 Vale.

438 1649 619 1704 XIV.
679 1649 1017 1702 Pramus
1055 1650 1348 1702 Acuto
1389 1652 1544 1703 Suo
1582 1649 1640 1704 S.

370 1770 690 1824 Macedonem
714 1807 732 1830 ‚
754 1766 927 1839 savum
952 1770 1186 1820 dominum
1210 1789 1241 1819 a
1265 1768 1418 1839 servis
1449 1772 1499 1823 in
1534 1771 1711 1824 balneo

795 1865 1055 1936 oppreffum
1101 1881 1284 1915 narrat.

322 1952 405 2046 R
424 2003 529 2043 ΕΜ
559 2004 793 2041 atrocem
813 2029 829 2054 ‚
872 2005 970 2042 nec
1012 1990 1216 2042 tantum
1251 1987 1473 2056 epistola
1510 1987 1727 2060 dignam
1747 2029 1764 2054 ,

317 2063 537 2134 Largius
579 2063 805 2116 Macedo
837 2101 853 2126 ‚
891 2061 980 2114 vir
1014 2060 1295 2131 praetorius
1321 2101 1336 2126 ,
1382 2079 1411 2114 a
1449 2062 1619 2115 servis
1657 2062 1767 2116 suis

316 2137 488 2208 paffus
509 2135 616 2200 est,
644 2135 899 2203 'superbus
926 2136 1169 2205 alioquin
1203 2135 1452 2188 dominus
1474 2136 1527 2186 ὅτ
1546 2136 1723 2188 saevus
1750 2176 1764 2199 ‚

321 2212 376 2263 &
413 2211 506 2279 qui
537 2208 749 2262 serviffe
784 2223 989 2279 patrem
1026 2210 1181 2262 suum.
1213 2226 1400 2276 parum
1420 2249 1436 2274 ,
1473 2209 1645 2262 immo
1678 2210 1766 2261 ni-

319 2285 490 2338 mium
513 2282 848 2336 meminifl‘et.
881 2284 1174 2336 Lavabatur
1205 2283 1262 2335 in
1286 2284 1418 2337 vina
1438 2283 1724 2336 Formiana
1750 2303 1766 2337 ε

319 2355 543 2427 repente
583 2373 707 2410 eum
745 2356 887 2410 servi
923 2355 1315 2410 citcumsistunt
1352 2376 1373 2410 t
1412 2357 1548 2410 alius
1583 2357 1775 2413 fauces

319 2431 531 2486 invadit
550 2449 567 2487 ι.
592 2430 727 2482 alius
746 2447 810 2484 os
831 2433 1109 2484 verberat:
1141 2431 1274 2483 alius
1295 2430 1477 2499 peetus
1497 2470 1514 2494 ‚
1550 2431 1603 2483 Sc
1625 2448 1765 2484 ven-

317 2520 459 2558 trem
480 2544 495 2569 ,
528 2519 690 2573 atque
721 2503 881 2557 etiam
901 2505 1151 2572 (foedum
1169 2504 1308 2557 dictu
1331 2505 1352 2573 )
1373 2507 1606 2558 verenda
1630 2521 1767 2557 con·

318 2578 533 2631 tundi-t:
569 2579 622 2630 ὅ(
658 2596 821 2648 quum
849 2579 1153 2632 exanimem
1185 2593 1432 2648 putarent
1455 2618 1471 2644 ,
1508 2577 1768 2645 abjiciunt

321 2651 386 2705 in
404 2652 1005 2721 fervens·pavimentum
1024 2692 1039 2716 ,
1059 2667 1121 2704 ut
1139 2652 1508 2721 experirentur
1527 2669 1596 2704 an
1612 2653 1773 2706 vive·

319 2739 424 2780 ret.
464 2728 562 2778 Ine
595 2764 618 2789 ,x
650 2726 773 2779 sive
820 2726 946 2795 quia*
990 2742 1104 2779 non
1139 2725 1392 2779 sentiebat
1417 2765 1442 2790 ‚.
1476 2726 1596 2779 sive
1637 2725 1771 2797 quia

320 2816 439 2851 non
473 2799 665 2853 sentire
699 2799 979 2852 simulabat
997 2839 1019 2864 ,,
1052 2800 1343 2853 immobilis
1381 2801 1434 2852 ὃς
1472 2814 1722 2852 extentus
1741 2838 1766 2863 ‚<
1844 2852 1857 2865 ,

321 2871 488 2927 fidem
536 2872 757 2942 pet-affin
779 2873 1321 2948 *mortisimplevits
1364 2873 1512 2926 ‘rum
1546 2875 1764 2927 demum
