1951 3720
343 247 792 343 TRAIANO
849 286 964 339 DI
984 286 1251 340 crus·
1364 290 1519 364 431·

111 408 196 462 que
230 404 281 446 te
322 407 538 462 utraque
579 391 902 447 effusissime
942 391 1129 463 diligat
1166 430 1183 455 ,
1241 389 1377 444 nihil
1419 391 1512 445 sua

111 481 269 533 putant
307 465 541 519 inter-effe
563 507 579 531 ‚
613 482 787 520 utram
831 482 888 519 tu
936 466 1107 536 magis
1143 481 1308 519 ames.
1364 466 1514 518 Idem
1568 476 1572 480 *

112 538 291 608 utrique
310 541 647 608 propositum
668 581 684 606 ‚
718 541 860 594 idem
883 554 1041 593 tenor
1062 539 1193 591 vitae
1218 577 1235 602 ,
1270 537 1515 607 nihilque

114 627 170 663 ex
184 629 280 680 quo
299 614 487 666 sentias
506 616 633 666 duas
650 613 773 668 effe.
799 615 877 666 Te
897 613 1046 666 enim
1071 611 1269 665 imitari
1287 650 1301 675 ,
1322 625 1375 664 te
1393 612 1517 665 sub-

112 685 235 752 sequi
251 685 463 740 student.
501 688 628 740 Ideo
656 702 880 756 utraque
908 702 1089 739 mores
1109 685 1324 739 eosdem
1343 723 1360 749 ‚
1392 684 1518 753 quia

115 772 301 827 utraque
320 774 440 812 tuos
455 799 471 823 ‚
500 760 674 814 habet.
699 763 828 814 Inde
856 759 1186 822 moderatio,
1210 758 1333 811 inde
1356 758 1519 811 etiam

116 846 336 899 perpetua
367 833 633 887 securitas.
681 836 871 903 Neque
908 832 1056 886 enim
1086 848 1339 901 umquam
1371 832 1520 900 peri·

114 904 396 958 ditabuntur
440 905 545 959 effe
586 907 809 975 privatae
841 945 858 971 ‚
915 923 1034 975 quae
1086 922 1199 958 non
1227 905 1522 960 desierunt.

117 976 364 1031 Obtulerat
400 979 507 1032 illis
547 980 758 1033 senatus
793 996 1101 1049 cognomen
1133 978 1483 1049 Augustarum
1502 1014 1522 1043 ‚

116 1053 236 1118 quod
255 1053 494 1117 certatim,
508 1055 798 1121 deprecatae
821 1054 943 1106 sunt
960 1092 977 1116 ‚
1014 1052 1266 1121 quamdiu
1287 1055 1529 1121 appella·

118 1123 293 1177 tionem
314 1126 477 1179 Patris
502 1127 686 1195 patriae
708 1143 768 1180 tu
790 1125 1103 1187 recusaffe53
1128 1126 1221 1179 seu
1242 1123 1387 1195 quod
1404 1129 1527 1194 plus

119 1195 203 1249 effe
219 1198 272 1250 in
288 1215 353 1251 eo
372 1198 672 1265 iudicabant
699 1239 716 1264 ,
744 1200 791 1253 si
808 1217 953 1253 uxor
979 1200 1031 1251 δι
1050 1201 1201 1252 soror
1219 1214 1311 1252 tua
1329 1238 1346 1264 ‚
1369 1199 1529 1269 quam

120 1270 391 1342 siAugustae
414 1274 737 1327 dicerentur.
768 1275 870 1327 Sed
892 1289 1241 1342 quascumque
1264 1272 1370 1325 illis
1391 1272 1531 1325 ratio

120 1356 289 1396 tantam
311 1347 620 1400 modestiam
643 1347 842 1412 suasit,
865 1346 974 1399 hoc
994 1346 1165 1415 magis
1183 1346 1358 1415 dignae
1376 1345 1497 1399 sunt
1510 1384 1529 1409 ‚

121 1432 218 1485 φιτ
241 1418 295 1470 in
325 1419 520 1473 animis
558 1420 749 1474 nostris
781 1422 835 1473 8(
864 1421 975 1473 sint
1006 1421 1059 1472 ὃ(
1094 1421 1381 1472 habeantur
1419 1421 1535 1473 Au-

121 1490 310 1558 gustae,
343 1493 467 1563 quia
510 1511 624 1547 non
652 1509 934 1547 vocantur.
988 1493 1137 1560 Quid
1169 1493 1315 1546 enim
1352 1495 1535 1546 lauda·

121 1563 256 1617 bilius
292 1566 507 1621 feminis
535 1606 552 1631 ‚
605 1585 765 1637 quam
802 1567 850 1621 si
885 1583 1079 1621 verum
1116 1568 1382 1620 honorem
1418 1583 1536 1620 non

121 1635 170 1689 in
187 1638 449 1707 splendore
470 1642 797 1704 titulorum,
830 1640 952 1693 sed
938 1657 997 1692 ιιι
1010 1639 1228 1706 judiciis
1251 1640 1537 1693 hominum

121 1726 379 1837 ianuam.
366 1717 386 1768 ἓ
409 1714 723 1843 ιιῗιςιιίἓίὶῖιιε
741 1713 1049 1811 nominibus
1069 1731 1221 1785 pares
1241 1714 1295 1767 se
1312 1713 1509 1767 faciant
1521 1752 1538 1780 ,

213 1802 295 1838 um
312 1803 436 1841 recu
462 1803 558 1842 ant

180 1859 449 1917 LXXXV.
479 1864 514 1918 J
518 1878 602 1915 am
633 1862 795 1916 etiam
820 1864 873 1916 δι
903 1860 960 1915 in
991 1858 1326 1932 privatorum
1350 1859 1543 1918 animis

122 1934 407 2016 exoleverat
439 1937 678 2006 priscum
700 1936 1013 1990 mortalium
1034 1938 1238 1990 bonum
1273 1936 1545 2001 amicitia,

122 2005 250 2073 cujus
269 2009 326 2062 in
347 2013 537 2065 locum
560 2010 928 2095 migraverant
941 2008 1362 2073 affentationes,
1397 2011 1548 2062 blan·

123 2079 283 2147 ditiae
322 2086 376 2137 δι
410 2083 572 2153 pejor
601 2084 731 2137 odio
762 2084 960 2136 amoris
1003 2082 1295 2137 simulatio.
1338 2083 1549 2137 Etenim

125 2151 173 2204 in
198 2155 502 2226 Principum
555 2159 721 2210 domo
761 2167 977 2209 nomen
1000 2157 1206 2210 tantum
1256 2157 1551 2222 amicitie,

124 2224 263 2283 inane
290 2230 503 2285 scilicet
536 2231 894 2299 irrisumque,
932 2232 1252 2283 remanebat.
1290 2232 1429 2283 Nam
1458 2232 1553 2301 qui

125 2316 314 2430 ¹333}
334 2303 1033 2445 ῗῖῗιῗῗέηξῖῖἒέιῗὲῗ
1020 2380 1041 2431 2
1046 2304 1557 2463 ffffifssffls‘ffi

127 2447 173 2499 dt
189 2466 447 2507 errantem
463 2451 738 2506 reduxisti.
760 2452 936 2504 Habes
955 2450 1188 2513 amicos,
1213 2451 1337 2520 quia
1355 2451 1557 2505 amicus

127 2519 226 2589 ipse
243 2541 316 2579 es.
339 2527 538 2596 Neque
562 2525 751 2586 enim,
785 2539 844 2577 ut
867 2524 969 2577 alia
999 2490 1283 2590 subjedss,
1316 2523 1389 2578 ita
1406 2542 1561 2580 amor

126 2593 441 2665 imperatur,
484 2615 660 2670 neque
683 2598 756 2652 est
777 2600 916 2651 ullus
935 2597 1155 2651 affer
1172 2613 1283 2651 tam
1311 2599 1556 2663 ereans,

127 2669 175 2720 δι
204 2670 382 2735 liber,
443 2674 500 2726 δι
538 2672 923 2725 dominationis
966 2671 1286 2739 impatiens,
1327 2689 1429 2726 nec
1464 2675 1560 2741 qui

126 2743 280 2813 magis
303 2745 458 2800 vices
489 2746 690 2816 exigat.
727 2745 903 2799 Potest
929 2744 1143 2799 fortaffe
1176 2744 1427 2814 Princeps
1462 2746 1562 2798 ini·

125 2815 263 2883 que,
302 2819 485 2888 potest
515 2833 695 2873 tamen
715 2817 854 2872 odio
876 2817 983 2872 effe
1011 2817 1323 2882 nonnullis,
1346 2818 1562 2873 etiamsi

126 2886 229 2957 ipse
258 2908 376 2948 non
406 2892 637 2949 oderit.
678 2893 894 2960 amari,
941 2892 1050 2949 nisi
1079 2892 1195 2964 ipse
1223 2906 1412 2959 amet,
1440 2908 1563 2949 non
