1951 3720
317 249 458 320 204
657 227 929 297 CAII
1001 228 1427 297 ΡιΙΝιι

440 349 628 404 V111.
683 350 1017 403 Primus
1058 351 1350 405 ansco
1393 363 1539 405 suo
1578 351 1636 406 S.

315 472 447 525 Idem
484 474 609 541 quod
640 469 878 541 superiori
909 472 1112 541 epistola
1145 473 1419 543 significat,
1464 474 1512 524 60
1549 469 1773 541 Prifium

697 572 916 621 hortatur
943 572 1009 619 ad
1045 571 1376 634 constantiam.

316 656 398 751 E
415 707 748 746 XPRIMERE
769 711 882 746 non
903 692 1111 762 poss‘um
1133 733 1149 758 ,
1181 692 1339 763 quam
1369 691 1658 756 jucundum
1695 692 1765 747 sit

315 767 451 819 mihi
474 807 488 831 ,
529 766 674 836 quod
709 768 1022 820 Saturninus
1052 766 1225 819 noster
1248 767 1477 820 summas
1501 767 1602 819 tibi
1627 769 1766 836 apud

314 858 404 894 me
428 841 623 910 gratias
655 842 777 893 aliis
797 842 952 909 super
988 841 1115 894 alias
1153 839 1393 909 epistolis
1426 840 1554 910 agit.
1597 841 1765 911 Perge

314 929 377 966 ut
414 914 656 982 coepisti,
697 916 983 984 virumque
1029 915 1295 983 optimum
1338 913 1498 984 quam
1533 915 1767 967 familia-

316 986 532 1040 rissime
563 988 725 1058 dilige
749 1028 764 1052 ,
799 1005 1044 1058 magnam
1066 992 1403 1056 voluptatem
1433 1005 1504 1040 ex
1527 988 1769 1041 amicitia

317 1059 435 1127 ejus
473 1076 816 1130 percepturus
846 1102 861 1125 ‚
896 1080 999 1114 nec
1030 1063 1094 1114 ad
1133 1064 1295 1115 breve
1332 1077 1568 1129 tempus.
1627 1064 1767 1114 Nam

319 1151 486 1203 quum
510 1136 756 1188 omnibus
781 1136 1068 1188 virtutibus
1092 1136 1315 1188 abundat
1331 1174 1346 1197 ‚
1371 1151 1485 1187 tum
1504 1136 1603 1188 hac
1629 1153 1769 1204 prae·

317 1207 476 1278 cipue
497 1249 512 1275 ,
540 1208 686 1278 quod
714 1211 869 1263 habet
904 1209 1194 1262 maximam
1228 1209 1287 1261 in
1323 1226 1505 1263 amore
1529 1208 1770 1264 constan·

319 1284 470 1338 tiam.
508 1285 666 1337 Vale.

391 1381 490 1435 IX.
532 1381 792 1434 Pumus
836 1382 1166 1433 Contu-:no
1206 1382 1412 1434 Fusco
1456 1396 1582 1436 suo
1625 1385 1687 1440 S.

561 1479 817 1531 Rationem
845 1481 1095 1529 exercendi
1106 1479 1214 1542 stili
1239 1476 1524 1548 prasci-ibit.

322 1552 697 1674 Qua-:als
748 1603 1195 1671 quemadmodum
1245 1601 1303 1654 in
1351 1601 1545 1656 seceffu
1587 1642 1602 1667 ,
1659 1621 1774 1674 quo

315 1675 518 1744 jamdiu
545 1675 735 1730 frueris
757 1714 774 1738 ‚
796 1690 981 1742 putem
1009 1690 1064 1726 te
1086 1674 1288 1728 studere
1312 1692 1585 1744 oportere.
1619 1679 1773 1732 Utile

317 1750 585 1819 inprimis
610 1789 626 1814 ,
665 1751 718 1803 &
760 1748 916 1801 multi
951 1748 1297 1818 praecipiunt‚
1332 1753 1423 1802 vel
1460 1768 1530 1803 ex
1571 1750 1769 1806 Graeco

316 1822 378 1877 in
409 1824 658 1877 Latinum
678 1862 694 1888 ‚
716 1826 807 1877 vel
839 1823 910 1875 ex'
935 1821 1129 1875 Latino
1156 1839 1364 1876 vertere
1390 1823 1447 1876 in
1482 1823 1735 1880 Graecum
1752 1844 1775 1881 ι

316 1915 433 1968 quo
474 1915 669 1968 genere
703 1897 1106 1950 exercitationis
1146 1897 1443 1967 proprietas
1487 1899 1767 1967 splendor-

320 1989 425 2041 que
477 1973 765 2024 verborum
799 2011 817 2036 ,
870 1970 1029 2039 copia
1071 1970 1357 2042 figurarum
1392 2011 1407 2035 ‚
1450 1973 1539 2025 vis
1590 1974 1768 2043 expli-

318 2043 472 2098 candi
503 2084 517 2108 ‚
561 2059 814 2113 praeterea
850 2044 1154 2098 imitatione
1192 2046 1525 2114 optimorum
1570 2047 1771 2101 similia

316 2117 633 2171 inveniendi
669 2119 890 2171 facultas
937 2134 1184 2187 paratur:
1221 2119 1381 2171 simul
1422 2136 1539 2187 quae
1582 2122 1767 2190 legen-

317 2191 752 2246 temfefellifl'ent
773 2232 788 2256 ,
823 2193 1231 2245 transferentem
1267 2193 1447 2262 fugere
1489 2210 1606 2245 non
1642 2194 1769 2262 pos-

318 2266 478 2319 sunt:
511 2265 866 2335 intelligentia
905 2283 975 2318 ex
1011 2267 1125 2318 hoc·
1154 2267 1211 2317 ὃς
1241 2265 1497 2332 judicium
1541 2267 1769 2336 acquiri·

317 2353 426 2393 tur.
486 2340 634 2392 Nihil
681 2340 916 2392 obfuerit
934 2380 948 2402 ,
982 2357 1099 2409 quae
1129 2339 1323 2409 legeris
1365 2339 1620 2394 haetenus
1656 2381 1672 2404 ,
1711 2355 1771 2394 ut

315 2429 435 2465 rem
489 2428 962 2483 argumentumque
1017 2429 1199 2465 teneas
1234 2449 1250 2472 ,
1303 2414 1454 2482 quasi
1512 2416 1771 2469 aemulum

316 2487 543 2540 scribere
558 2526 572 2550 ,
592 2487 848 2555 leffrsqne
879 2487 1120 2539 conferre
1137 2527 1151 2550 ‚
1172 2503 1232 2540 ac
1262 2485 1443 2540 sedulo
1463 2487 1770 2555 pensitare,

319 2562 450 2629 quid
475 2575 532 2612 tu
547 2601 562 2624 ,
585 2560 713 2630 quid
732 2562 822 2613 ille
841 2560 1197 2614 commodius.
1224 2561 1420 2632 Magna
1439 2561 1731 2630 gratulatio
1750 2601 1766 2627 ‚

317 2635 370 2687 ‘si
415 2637 672 2687 nonnulla
713 2652 808 2694 ως
847 2652 1071 2703 magnus
1112 2637 1318 2702 pudor,
1361 2635 1408 2688 si
1439 2635 1630 2686 cunsta
1674 2636 1768 2689 ille

317 2709 536 2762 melius.
581 2708 788 2762 Licebit
831 2708 1096 2761 interdum
1121 2710 1175 2760 δι
1211 2709 1492 2761 notissima
1521 2709 1726 2778 eligere
1749 2748 1766 2773 ,

322 2783 376 2835 &
398 2799 598 2835 certare
635 2800 754 2835 cum
786 2782 988 2836 elediis.
1041 2783 1228 2835 Audax
1261 2785 1374 2836 haec
1392 2823 1408 2848 ,
1440 2799 1555 2834 non
1586 2797 1769 2835 tamen

317 2855 564 2929 improba
582 2896 600 2924 ,
648 2857 775 2928 quia
803 2857 999 2913 secreta
1020 2894 1041 2921 2
1081 2858 1398 2912 contentio:
1437 2872 1763 2928 quamquam
