1951 3720
386 330 972 402 EPIsToLAE.
1012 333 1162 403 Lib.
1206 334 1340 404 IV.
1453 355 1590 427 127

157 449 309 505 simus
337 492 353 516 ,
392 452 737 506 dofflssimus
763 493 778 516 ‚
828 452 1246 518 disertissimus,
1285 455 1439 522 super
1479 455 1595 508 haec

158 526 587 595 occupatissimus
608 567 624 590 ,
646 527 895 579 maximae
915 528 1213 595 provinciae
1234 529 1547 595 praefuturus
1575 565 1593 593 ,

158 604 276 654 tanti
323 615 477 668 putes
529 601 721 667 scripta
767 600 942 653 nostra
988 601 1325 653 circumferre
1376 616 1593 660 tecum·¹

157 690 337 741 quanto
361 690 531 741 opere
560 675 693 725 mihi
717 675 1111 741 providendum
1143 674 1216 726 est
1241 713 1257 737 ,
1294 691 1360 726 ne
1395 688 1450 726 te
1473 675 1592 726 haec

158 762 260 813 pars
293 747 615 799 sarcinarum
640 787 655 812 ,
702 763 970 816 tamquam
1008 749 1330 816 supervacua
1362 787 1377 810 ‚
1417 745 1598 799 offen..

158 821 230 871 dat
262 822 283 873 ‚²
323 821 552 872 Adnitar
597 838 729 889 ergo
782 821 1015 889 primum
1037 860 1053 884 ,
1092 836 1150 873 ut
1190 822 1418 874 comites
1466 819 1596 874 istos

158 892 295 960 quam
334 895 815 947 commodissimos
852 896 1043 947 habeas
1065 913 1080 954 ;
1102 895 1288 947 deinde
1318 910 1377 946 ut
1414 910 1601 946 rever-

158 966 229 1018 sus
251 966 497 1019 invenias
524 984 661 1035 quos
686 967 796 1020 istis
821 970 1008 1021 addere
1037 968 1195 1022 velis.
1235 971 1423 1037 Neque
1443 967 1592 1019 enim

157 1040 484 1165 ssediocriter
507 1057 593 1092 me
619 1044 684 1093 ad
714 1057 859 1094 nova
886 1058 1052 1109 opera
1070 1058 1130 1093 tu
1146 1041 1316 1094 lestor
1337 1041 1594 1096 hortaris.

204 1115 293 1167 ale.

201 1232 475 1287 XXVII.
519 1233 848 1287 Pmmus
888 1235 1244 1287 FAtcont
1288 1249 1434 1288 svo
1476 1237 1535 1291 S.

371 1331 669 1400 Augurinum
707 1332 753 1382 ὃ·
787 1332 882 1397 ejus
912 1333 1138 1400 ροὲηιαια
1172 1334 1359 1384 laudas

159 1395 539 1512 TERTIUS
574 1453 685 1507 dies
722 1454 836 1519 est,
879 1456 1025 1523 quod
1061 1454 1243 1508 audivi
1279 1456 1594 1512 recitantem

158 1527 384 1579 Sentium
406 1528 742 1599 Augurinum
765 1545 886 1581 cum
910 1529 1113 1581 summa
1137 1547 1256 1581 mea
1277 1528 1558 1599 voluptate
1576 1569 1600 1597 ‚

155 1597 309 1653 immo
361 1602 529 1653 etiam
581 1601 966 1654 admiratione:
1001 1603 1272 1670 poematia
1319 1607 1594 1672 appellat.

156 1676 306 1727 multa
325 1675 594 1739 tenuiter,
623 1679 790 1727 multa
810 1676 1138 1739 sublimiter,
1151 1679 1318 1728 multa
1337 1676 1593 1740 venuste,

156 1749 303 1800 multa
339 1747 566 1813 tenere,
604 1751 770 1801 multa
809 1749 1072 1812 dulciter,
1105 1752 1272 1802 multa
1307 1767 1428 1803 cum
1466 1751 1594 1803 bile.

155 1821 365 1895 Aliquot
395 1822 551 1891 annis
584 1837 718 1891 puto
749 1822 881 1874 nihil
920 1823 1130 1892 generis
1167 1821 1401 1887 ejusdem
1438 1824 1594 1876 abso-

156 1895 301 1949 lutius
341 1898 599 1966 scriptum
622 1936 636 1960 ,
674 1896 780 1949 nisi
824 1896 963 1949 forte
1000 1914 1085 1950 me
1125 1898 1261 1950 fallit
1309 1912 1399 1949 aut
1440 1914 1592 1949 amor

158 1967 256 2033 ejus
281 2010 295 2034 ,
338 1986 431 2023 aut
471 1969 614 2039 quod
637 1987 722 2022 me
763 1969 935 2039 ipsum
965 1970 1204 2023 laudibus
1234 1972 1410 2023 vexit.
1451 1972 1590 2022 Nam

158 2044 334 2096 lemma
372 2044 477 2097 sibi
512 2044 737 2112 sumpsit
757 2082 772 2107 ,
798 2041 945 2113 quod
979 2061 1080 2113 ego
1118 2044 1383 2096 interdum
1414 2043 1591 2113 νει-εἰῇ

157 2116 241 2169 bus
288 2120 440 2172 ludo,
496 2118 672 2186 Atque
714 2118 844 2169 adeo
885 2117 1067 2181 judicii
1110 2117 1217 2169 mei
1261 2118 1312 2168 t'e
1361 2116 1591 2179 iudicem

159 2189 329 2242 faciam
353 2231 368 2256 ,
402 2191 451 2244 si
493 2191 627 2243 mihi
663 2207 734 2242 ex
766 2191 872 2242 hoc
902 2190 1021 2258 ipso
1056 2193 1305 2242 lemmate
1336 2190 1591 2261 secundus¹

160 2265 327 2316 versus
369 2264 662 2317 occurrerit
700 2283 717 2324 ·‚
761 2281 885 2316 nam
921 2279 1128 2317 ceteros
1161 2278 1358 2319 teneo:
1393 2264 1445 2317 &
1483 2261 1591 2330 jam

162 2339 407 2406 explicui.

226 2438 375 2486 Canto
420 2435 631 2486 carmina
651 2433 862 2485 versibus
892 2434 1083 2485 minutis
1106 2469 1121 2495 ,

221 2509 312 2559 His
335 2511 453 2560 olim
492 2509 652 2576 quibus
678 2510 723 2559 δ’
747 2527 872 2561 meus
899 2508 1113 2559 catullus
1137 2543 1154 2566 ‚

223 2582 291 2633 Et
326 2584 534 2640 Calvus,
562 2579 845 2648 veteresque.
884 2581 985 2630 Sed
1018 2582 1129 2648 quid
1163 2583 1228 2632 ad
1253 2599 1324 2634 me
1343 2582 1373 2635 ‚⁹

227 2654 360 2706 Unus
389 2656 578 2707 Plinius
614 2657 677 2717 est
699 2657 807 2706 mihi
837 2661 1044 2722 pn'ores.

222 2729 424 2780 Mavult
451 2729 737 2787 versiculos,
762 2728 879 2795 fhro
915 2729 1079 2778 relc'flo
1104 2762 1118 2787 ‚

197 2803 293 2852 -Et
324 2804 486 2869 quarit
506 2805 629 2868 quod
656 2817 778 2851 amet
796 2839 809 2863 ,
829 2817 1057 2869 putatque
1088 2802 1270 2861 amari,

224 2876 322 2925 Ille
362 2875 390 2924 6
427 2875 615 2926 Plinius
639 2909 652 2933 ‚
682 2876 801 2926 ille!
832 2876 941 2941 quid
974 2875 1224 2927 Catones?

222 2947 258 2999 I
275 2949 402 2999 nunc
423 2949 502 3018 qui
519 2947 684 3019 sapias
706 2981 721 3010 ,
756 2965 911 2998 amare
940 2949 1064 2999 noli·
1219 3018 1258 3071 F
1289 3016 1300 3029 ·

1287 3034 1346 3070 lv
