<?xml version="1.0" encoding="UTF-8"?>
<!DOCTYPE html PUBLIC "-//W3C//DTD XHTML 1.0 Transitional//EN"
    "http://www.w3.org/TR/xhtml1/DTD/xhtml1-transitional.dtd">
<html xmlns="http://www.w3.org/1999/xhtml" xml:lang="en" lang="en">
 <head>
  <title>
</title>
<meta http-equiv="Content-Type" content="text/html;charset=utf-8" />
  <meta name='ocr-system' content='tesseract 3.04.00' />
  <meta name='ocr-capabilities' content='ocr_page ocr_carea ocr_par ocr_line ocrx_word'/>
</head>
<body>
  <div class='ocr_page' id='page_1' title='image "./panegyricus00lallgoog_0153.png"; bbox 0 0 1951 3720; ppageno 0'>
   <div class='ocr_carea' id='block_1_1' title="bbox 372 283 1571 355">
    <p class='ocr_par' dir='ltr' id='par_1_1' title="bbox 372 283 1571 355">
     <span class='ocr_line' id='line_1_1' title="bbox 372 283 1571 355; baseline 0.002 -2"><span class='ocrx_word' id='word_1_1' title='bbox 372 285 946 353; x_wconf 59' lang='lat' dir='ltr'>EPISTozae.</span> <span class='ocrx_word' id='word_1_2' title='bbox 990 283 1136 354; x_wconf 90' lang='lat' dir='ltr'>Lib.</span> <span class='ocrx_word' id='word_1_3' title='bbox 1164 283 1301 354; x_wconf 91' lang='lat' dir='ltr'>IV.</span> <span class='ocrx_word' id='word_1_4' title='bbox 1446 307 1571 355; x_wconf 76' lang='grc' dir='ltr'>ιιι</span> 
     </span>
    </p>
   </div>
   <div class='ocr_carea' id='block_1_2' title="bbox 123 402 1585 2602">
    <p class='ocr_par' dir='ltr' id='par_1_2' title="bbox 123 402 1585 2602">
     <span class='ocr_line' id='line_1_2' title="bbox 133 402 1581 472; baseline 0.001 -16"><span class='ocrx_word' id='word_1_5' title='bbox 133 402 371 462; x_wconf 68' lang='lat' dir='ltr'>affectum</span> <span class='ocrx_word' id='word_1_6' title='bbox 405 404 787 472; x_wconf 77' lang='lat' dir='ltr'>repraesenteS,</span> <span class='ocrx_word' id='word_1_7' title='bbox 831 418 944 457; x_wconf 87' lang='lat' dir='ltr'>non</span> <span class='ocrx_word' id='word_1_8' title='bbox 980 405 1169 457; x_wconf 86' lang='lat' dir='ltr'>dubito</span> <span class='ocrx_word' id='word_1_9' title='bbox 1204 404 1444 459; x_wconf 81' lang='lat' dir='ltr'>maximo</span> <span class='ocrx_word' id='word_1_10' title='bbox 1481 407 1581 458; x_wconf 90' lang='lat' dir='ltr'>tibi</span> 
     </span>
     <span class='ocr_line' id='line_1_3' title="bbox 137 478 1580 547; baseline 0.002 -19"><span class='ocrx_word' id='word_1_11' title='bbox 137 478 312 545; x_wconf 82' lang='lat' dir='ltr'>gaudio</span> <span class='ocrx_word' id='word_1_12' title='bbox 359 479 519 540; x_wconf 88' lang='lat' dir='ltr'>fore,</span> <span class='ocrx_word' id='word_1_13' title='bbox 557 495 723 547; x_wconf 88' lang='lat' dir='ltr'>quum</span> <span class='ocrx_word' id='word_1_14' title='bbox 773 478 1099 547; x_wconf 75' lang='lat' dir='ltr'>cognoveris</span> <span class='ocrx_word' id='word_1_15' title='bbox 1146 479 1358 547; x_wconf 86' lang='lat' dir='ltr'>dignam</span> <span class='ocrx_word' id='word_1_16' title='bbox 1394 494 1541 546; x_wconf 89' lang='lat' dir='ltr'>patre</span> <span class='ocrx_word' id='word_1_17' title='bbox 1564 517 1580 542; x_wconf 84' lang='lat'><strong>‚</strong></span> 
     </span>
     <span class='ocr_line' id='line_1_4' title="bbox 136 547 1583 620; baseline 0.001 -19"><span class='ocrx_word' id='word_1_18' title='bbox 136 550 334 619; x_wconf 83' lang='lat' dir='ltr'>dignam</span> <span class='ocrx_word' id='word_1_19' title='bbox 368 567 463 614; x_wconf 84' lang='lat' dir='ltr'>te,</span> <span class='ocrx_word' id='word_1_20' title='bbox 506 551 719 620; x_wconf 88' lang='lat' dir='ltr'>dignam</span> <span class='ocrx_word' id='word_1_21' title='bbox 760 568 866 604; x_wconf 90' lang='lat' dir='ltr'>avo</span> <span class='ocrx_word' id='word_1_22' title='bbox 900 554 1144 604; x_wconf 84' lang='lat' dir='ltr'>evadere.</span> <span class='ocrx_word' id='word_1_23' title='bbox 1190 552 1470 603; x_wconf 89' lang='lat' dir='ltr'>Summum</span> <span class='ocrx_word' id='word_1_24' title='bbox 1506 547 1583 603; x_wconf 90' lang='lat' dir='ltr'>est</span> 
     </span>
     <span class='ocr_line' id='line_1_5' title="bbox 137 624 1583 693; baseline 0.001 -20"><span class='ocrx_word' id='word_1_25' title='bbox 137 638 380 688; x_wconf 82' lang='lat' dir='ltr'>acumen,</span> <span class='ocrx_word' id='word_1_26' title='bbox 406 625 611 675; x_wconf 87' lang='lat' dir='ltr'>summa</span> <span class='ocrx_word' id='word_1_27' title='bbox 639 624 947 693; x_wconf 84' lang='lat' dir='ltr'>frugalitas:</span> <span class='ocrx_word' id='word_1_28' title='bbox 982 640 1123 675; x_wconf 87' lang='lat' dir='ltr'>amat</span> <span class='ocrx_word' id='word_1_29' title='bbox 1153 640 1277 687; x_wconf 86' lang='lat' dir='ltr'>me,</span> <span class='ocrx_word' id='word_1_30' title='bbox 1313 627 1458 693; x_wconf 92' lang='lat' dir='ltr'>quod</span> <span class='ocrx_word' id='word_1_31' title='bbox 1482 624 1583 676; x_wconf 86' lang='lat' dir='ltr'>cas·</span> 
     </span>
     <span class='ocr_line' id='line_1_6' title="bbox 136 695 1581 750; baseline 0.002 -4"><span class='ocrx_word' id='word_1_32' title='bbox 136 696 286 749; x_wconf 88' lang='lat' dir='ltr'>titatis</span> <span class='ocrx_word' id='word_1_33' title='bbox 327 698 588 749; x_wconf 88' lang='lat' dir='ltr'>indicium</span> <span class='ocrx_word' id='word_1_34' title='bbox 620 696 711 749; x_wconf 92' lang='lat' dir='ltr'>est.</span> <span class='ocrx_word' id='word_1_35' title='bbox 752 696 968 750; x_wconf 86' lang='lat' dir='ltr'>Accedit</span> <span class='ocrx_word' id='word_1_36' title='bbox 1003 696 1087 748; x_wconf 89' lang='lat' dir='ltr'>his</span> <span class='ocrx_word' id='word_1_37' title='bbox 1119 695 1345 748; x_wconf 87' lang='lat' dir='ltr'>studium</span> <span class='ocrx_word' id='word_1_38' title='bbox 1384 698 1581 749; x_wconf 86' lang='lat' dir='ltr'>littera·</span> 
     </span>
     <span class='ocr_line' id='line_1_7' title="bbox 136 769 1585 838; baseline 0.001 -17"><span class='ocrx_word' id='word_1_39' title='bbox 136 785 236 821; x_wconf 87' lang='lat' dir='ltr'>rum</span> <span class='ocrx_word' id='word_1_40' title='bbox 260 809 276 833; x_wconf 87' lang='lat'>‚</span> <span class='ocrx_word' id='word_1_41' title='bbox 313 772 464 838; x_wconf 90' lang='lat' dir='ltr'>quod</span> <span class='ocrx_word' id='word_1_42' title='bbox 503 787 574 821; x_wconf 87' lang='lat' dir='ltr'>ex</span> <span class='ocrx_word' id='word_1_43' title='bbox 605 770 713 821; x_wconf 89' lang='lat' dir='ltr'>mei</span> <span class='ocrx_word' id='word_1_44' title='bbox 754 769 971 822; x_wconf 87' lang='lat' dir='ltr'>caritate</span> <span class='ocrx_word' id='word_1_45' title='bbox 1009 769 1276 837; x_wconf 86' lang='lat' dir='ltr'>concepit.</span> <span class='ocrx_word' id='word_1_46' title='bbox 1328 771 1489 823; x_wconf 90' lang='lat' dir='ltr'>Meos</span> <span class='ocrx_word' id='word_1_47' title='bbox 1520 771 1585 823; x_wconf 91' lang='lat' dir='ltr'>li-</span> 
     </span>
     <span class='ocr_line' id='line_1_8' title="bbox 136 842 1581 909; baseline 0.001 -15"><span class='ocrx_word' id='word_1_48' title='bbox 136 842 285 895; x_wconf 85' lang='lat' dir='ltr'>bellos</span> <span class='ocrx_word' id='word_1_49' title='bbox 328 846 491 894; x_wconf 87' lang='lat' dir='ltr'>habet</span> <span class='ocrx_word' id='word_1_50' title='bbox 524 882 539 906; x_wconf 86' lang='lat'>,</span> <span class='ocrx_word' id='word_1_51' title='bbox 576 843 779 895; x_wconf 68' lang='lat' dir='ltr'>lestitat</span> <span class='ocrx_word' id='word_1_52' title='bbox 798 881 815 905; x_wconf 86' lang='lat'>‚</span> <span class='ocrx_word' id='word_1_53' title='bbox 854 842 1040 895; x_wconf 87' lang='lat' dir='ltr'>ediscit</span> <span class='ocrx_word' id='word_1_54' title='bbox 1084 843 1266 896; x_wconf 89' lang='lat' dir='ltr'>etiam.</span> <span class='ocrx_word' id='word_1_55' title='bbox 1324 844 1445 909; x_wconf 68' lang='lat' dir='ltr'>Qua</span> <span class='ocrx_word' id='word_1_56' title='bbox 1483 843 1581 896; x_wconf 83' lang='lat' dir='ltr'>illa</span> 
     </span>
     <span class='ocr_line' id='line_1_9' title="bbox 135 916 1580 985; baseline 0.001 -18"><span class='ocrx_word' id='word_1_57' title='bbox 135 916 482 969; x_wconf 81' lang='lat' dir='ltr'>sollicitudine</span> <span class='ocrx_word' id='word_1_58' title='bbox 517 955 532 979; x_wconf 86' lang='lat'>,</span> <span class='ocrx_word' id='word_1_59' title='bbox 577 933 741 984; x_wconf 90' lang='lat' dir='ltr'>quum</span> <span class='ocrx_word' id='word_1_60' title='bbox 791 916 985 969; x_wconf 90' lang='lat' dir='ltr'>videor</span> <span class='ocrx_word' id='word_1_61' title='bbox 1025 916 1232 968; x_wconf 58' lang='lat' dir='ltr'>aelurus</span> <span class='ocrx_word' id='word_1_62' title='bbox 1259 957 1274 979; x_wconf 90' lang='lat'><strong>‚</strong></span> <span class='ocrx_word' id='word_1_63' title='bbox 1321 931 1523 985; x_wconf 89' lang='lat' dir='ltr'>quanto</span> <span class='ocrx_word' id='word_1_64' title='bbox 1562 956 1580 980; x_wconf 84' lang='lat'>,</span> 
     </span>
     <span class='ocr_line' id='line_1_10' title="bbox 138 989 1581 1059; baseline 0.001 -18"><span class='ocrx_word' id='word_1_65' title='bbox 138 1006 283 1056; x_wconf 83' lang='lat' dir='ltr'>quum</span> <span class='ocrx_word' id='word_1_66' title='bbox 314 991 400 1059; x_wconf 88' lang='lat' dir='ltr'>egi</span> <span class='ocrx_word' id='word_1_67' title='bbox 427 1029 441 1053; x_wconf 87' lang='lat'>,</span> <span class='ocrx_word' id='word_1_68' title='bbox 471 990 666 1059; x_wconf 89' lang='lat' dir='ltr'>gaudio</span> <span class='ocrx_word' id='word_1_69' title='bbox 693 990 955 1043; x_wconf 81' lang='lat' dir='ltr'>afficitur?</span> <span class='ocrx_word' id='word_1_70' title='bbox 991 989 1254 1057; x_wconf 85' lang='lat' dir='ltr'>Disponit</span> <span class='ocrx_word' id='word_1_71' title='bbox 1275 1029 1289 1054; x_wconf 92' lang='lat'>‚</span> <span class='ocrx_word' id='word_1_72' title='bbox 1323 990 1416 1058; x_wconf 91' lang='lat' dir='ltr'>qui</span> <span class='ocrx_word' id='word_1_73' title='bbox 1447 1008 1581 1043; x_wconf 90' lang='lat' dir='ltr'>nun-</span> 
     </span>
     <span class='ocr_line' id='line_1_11' title="bbox 134 1062 1578 1131; baseline 0.002 -18"><span class='ocrx_word' id='word_1_74' title='bbox 134 1063 251 1115; x_wconf 89' lang='lat' dir='ltr'>tient</span> <span class='ocrx_word' id='word_1_75' title='bbox 289 1063 432 1126; x_wconf 86' lang='lat' dir='ltr'>sibi,</span> <span class='ocrx_word' id='word_1_76' title='bbox 467 1080 628 1131; x_wconf 89' lang='lat' dir='ltr'>quem</span> <span class='ocrx_word' id='word_1_77' title='bbox 659 1062 953 1126; x_wconf 82' lang='lat' dir='ltr'>affensum,</span> <span class='ocrx_word' id='word_1_78' title='bbox 980 1080 1118 1130; x_wconf 88' lang='lat' dir='ltr'>quos</span> <span class='ocrx_word' id='word_1_79' title='bbox 1143 1065 1401 1116; x_wconf 87' lang='lat' dir='ltr'>clamores</span> <span class='ocrx_word' id='word_1_80' title='bbox 1425 1064 1578 1116; x_wconf 84' lang='lat' dir='ltr'>exci-</span> 
     </span>
     <span class='ocr_line' id='line_1_12' title="bbox 133 1133 1575 1219; baseline 0.002 -32"><span class='ocrx_word' id='word_1_81' title='bbox 133 1138 316 1200; x_wconf 82' lang='lat' dir='ltr'>tarim,</span> <span class='ocrx_word' id='word_1_82' title='bbox 357 1153 521 1205; x_wconf 88' lang='lat' dir='ltr'>quem</span> <span class='ocrx_word' id='word_1_83' title='bbox 558 1152 813 1189; x_wconf 78' lang='lat' dir='ltr'>eventum</span> <span class='ocrx_word' id='word_1_84' title='bbox 850 1133 1037 1219; x_wconf 81' lang='lat' dir='ltr'>judicii</span> <span class='ocrx_word' id='word_1_85' title='bbox 1069 1136 1305 1188; x_wconf 87' lang='lat' dir='ltr'>tulerim.</span> <span class='ocrx_word' id='word_1_86' title='bbox 1344 1138 1537 1189; x_wconf 89' lang='lat' dir='ltr'>Eadem</span> <span class='ocrx_word' id='word_1_87' title='bbox 1557 1177 1575 1205; x_wconf 85' lang='lat'>‚</span> 
     </span>
     <span class='ocr_line' id='line_1_13' title="bbox 133 1205 1578 1279; baseline 0.001 -17"><span class='ocrx_word' id='word_1_88' title='bbox 133 1209 173 1262; x_wconf 82' lang='lat' dir='ltr'>si</span> <span class='ocrx_word' id='word_1_89' title='bbox 205 1212 419 1279; x_wconf 87' lang='lat' dir='ltr'>quando</span> <span class='ocrx_word' id='word_1_90' title='bbox 456 1210 665 1272; x_wconf 85' lang='lat' dir='ltr'>recito,</span> <span class='ocrx_word' id='word_1_91' title='bbox 690 1210 747 1261; x_wconf 89' lang='lat' dir='ltr'>in</span> <span class='ocrx_word' id='word_1_92' title='bbox 778 1209 1131 1277; x_wconf 84' lang='lat' dir='ltr'>proximum,</span> <span class='ocrx_word' id='word_1_93' title='bbox 1166 1205 1395 1262; x_wconf 88' lang='lat' dir='ltr'>discreta</span> <span class='ocrx_word' id='word_1_94' title='bbox 1407 1213 1537 1263; x_wconf 83' lang='lat' dir='ltr'>velo</span> <span class='ocrx_word' id='word_1_95' title='bbox 1560 1250 1578 1274; x_wconf 84' lang='grc'>,</span> 
     </span>
     <span class='ocr_line' id='line_1_14' title="bbox 131 1282 1578 1352; baseline 0.001 -18"><span class='ocrx_word' id='word_1_96' title='bbox 131 1282 291 1347; x_wconf 81' lang='lat' dir='ltr'>sedet,</span> <span class='ocrx_word' id='word_1_97' title='bbox 314 1284 603 1352; x_wconf 80' lang='lat' dir='ltr'>laudesque</span> <span class='ocrx_word' id='word_1_98' title='bbox 625 1283 824 1335; x_wconf 87' lang='lat' dir='ltr'>nostras</span> <span class='ocrx_word' id='word_1_99' title='bbox 848 1282 1178 1336; x_wconf 81' lang='lat' dir='ltr'>avidissimis</span> <span class='ocrx_word' id='word_1_100' title='bbox 1200 1282 1411 1336; x_wconf 84' lang='lat' dir='ltr'>auribus</span> <span class='ocrx_word' id='word_1_101' title='bbox 1434 1285 1578 1336; x_wconf 83' lang='lat' dir='ltr'>exci-</span> 
     </span>
     <span class='ocr_line' id='line_1_15' title="bbox 130 1356 1577 1425; baseline 0.002 -18"><span class='ocrx_word' id='word_1_102' title='bbox 130 1357 219 1423; x_wconf 86' lang='lat' dir='ltr'>pit.</span> <span class='ocrx_word' id='word_1_103' title='bbox 268 1357 475 1410; x_wconf 87' lang='lat' dir='ltr'>Versus</span> <span class='ocrx_word' id='word_1_104' title='bbox 507 1356 721 1424; x_wconf 89' lang='lat' dir='ltr'>quidem</span> <span class='ocrx_word' id='word_1_105' title='bbox 766 1373 917 1409; x_wconf 90' lang='lat' dir='ltr'>meos</span> <span class='ocrx_word' id='word_1_106' title='bbox 949 1370 1124 1408; x_wconf 89' lang='lat' dir='ltr'>cantat</span> <span class='ocrx_word' id='word_1_107' title='bbox 1152 1357 1455 1425; x_wconf 81' lang='lat' dir='ltr'>formatque</span> <span class='ocrx_word' id='word_1_108' title='bbox 1494 1358 1577 1410; x_wconf 88' lang='lat' dir='ltr'>ci-</span> 
     </span>
     <span class='ocr_line' id='line_1_16' title="bbox 131 1429 1574 1498; baseline 0.001 -17"><span class='ocrx_word' id='word_1_109' title='bbox 131 1430 263 1481; x_wconf 70' lang='lat' dir='ltr'>thara</span> <span class='ocrx_word' id='word_1_110' title='bbox 283 1469 300 1493; x_wconf 86' lang='lat'>‚</span> <span class='ocrx_word' id='word_1_111' title='bbox 335 1447 455 1483; x_wconf 88' lang='lat' dir='ltr'>non</span> <span class='ocrx_word' id='word_1_112' title='bbox 490 1429 693 1482; x_wconf 86' lang='lat' dir='ltr'>artifice</span> <span class='ocrx_word' id='word_1_113' title='bbox 710 1430 893 1498; x_wconf 87' lang='lat' dir='ltr'>aliquo</span> <span class='ocrx_word' id='word_1_114' title='bbox 926 1432 1151 1483; x_wconf 87' lang='lat' dir='ltr'>docente</span> <span class='ocrx_word' id='word_1_115' title='bbox 1175 1468 1192 1492; x_wconf 86' lang='lat'>‚</span> <span class='ocrx_word' id='word_1_116' title='bbox 1231 1431 1321 1482; x_wconf 87' lang='lat' dir='ltr'>sed</span> <span class='ocrx_word' id='word_1_117' title='bbox 1350 1447 1534 1484; x_wconf 87' lang='lat' dir='ltr'>amore</span> <span class='ocrx_word' id='word_1_118' title='bbox 1556 1471 1574 1497; x_wconf 84' lang='lat'>‚</span> 
     </span>
     <span class='ocr_line' id='line_1_17' title="bbox 129 1502 1571 1590; baseline 0.003 -36"><span class='ocrx_word' id='word_1_119' title='bbox 129 1504 214 1571; x_wconf 80' lang='lat' dir='ltr'>qui</span> <span class='ocrx_word' id='word_1_120' title='bbox 234 1504 488 1590; x_wconf 79' lang='lat' dir='ltr'>magister</span> <span class='ocrx_word' id='word_1_121' title='bbox 518 1503 593 1555; x_wconf 90' lang='lat' dir='ltr'>est</span> <span class='ocrx_word' id='word_1_122' title='bbox 622 1502 881 1571; x_wconf 88' lang='lat' dir='ltr'>optimus.</span> <span class='ocrx_word' id='word_1_123' title='bbox 923 1504 1023 1556; x_wconf 88' lang='lat' dir='ltr'>His</span> <span class='ocrx_word' id='word_1_124' title='bbox 1044 1520 1114 1558; x_wconf 82' lang='lat' dir='ltr'>cx</span> <span class='ocrx_word' id='word_1_125' title='bbox 1134 1503 1307 1556; x_wconf 87' lang='lat' dir='ltr'>causis</span> <span class='ocrx_word' id='word_1_126' title='bbox 1338 1505 1399 1556; x_wconf 89' lang='lat' dir='ltr'>in</span> <span class='ocrx_word' id='word_1_127' title='bbox 1421 1505 1571 1572; x_wconf 77' lang='lat' dir='ltr'>spem</span> 
     </span>
     <span class='ocr_line' id='line_1_18' title="bbox 127 1576 1576 1645; baseline 0.001 -17"><span class='ocrx_word' id='word_1_128' title='bbox 127 1578 471 1630; x_wconf 86' lang='lat' dir='ltr'>certissimam</span> <span class='ocrx_word' id='word_1_129' title='bbox 518 1578 749 1629; x_wconf 90' lang='lat' dir='ltr'>adducor</span> <span class='ocrx_word' id='word_1_130' title='bbox 773 1616 789 1639; x_wconf 88' lang='lat'>‚</span> <span class='ocrx_word' id='word_1_131' title='bbox 841 1591 1152 1645; x_wconf 85' lang='lat' dir='ltr'>perpetuam</span> <span class='ocrx_word' id='word_1_132' title='bbox 1203 1577 1359 1629; x_wconf 88' lang='lat' dir='ltr'>nobis</span> <span class='ocrx_word' id='word_1_133' title='bbox 1397 1576 1576 1640; x_wconf 84' lang='lat' dir='ltr'>maio-</span> 
     </span>
     <span class='ocr_line' id='line_1_19' title="bbox 127 1648 1573 1733; baseline -0.001 -30"><span class='ocrx_word' id='word_1_134' title='bbox 127 1666 334 1721; x_wconf 86' lang='lat' dir='ltr'>remque</span> <span class='ocrx_word' id='word_1_135' title='bbox 378 1651 437 1703; x_wconf 92' lang='lat' dir='ltr'>in</span> <span class='ocrx_word' id='word_1_136' title='bbox 473 1650 585 1703; x_wconf 89' lang='lat' dir='ltr'>dies</span> <span class='ocrx_word' id='word_1_137' title='bbox 621 1650 852 1702; x_wconf 87' lang='lat' dir='ltr'>futuram</span> <span class='ocrx_word' id='word_1_138' title='bbox 891 1648 995 1702; x_wconf 82' lang='lat' dir='ltr'>effe</span> <span class='ocrx_word' id='word_1_139' title='bbox 1024 1650 1385 1703; x_wconf 86' lang='lat' dir='ltr'>concordiam.</span> <span class='ocrx_word' id='word_1_140' title='bbox 1440 1652 1573 1733; x_wconf 48' lang='grc' dir='ltr'>Νοιιφ</span> 
     </span>
     <span class='ocr_line' id='line_1_20' title="bbox 125 1723 1569 1791; baseline -0.001 -15"><span class='ocrx_word' id='word_1_141' title='bbox 125 1724 261 1776; x_wconf 87' lang='lat' dir='ltr'>enim</span> <span class='ocrx_word' id='word_1_142' title='bbox 296 1739 513 1777; x_wconf 85' lang='lat' dir='ltr'>aetatem</span> <span class='ocrx_word' id='word_1_143' title='bbox 537 1740 748 1787; x_wconf 85' lang='lat' dir='ltr'>meam,</span> <span class='ocrx_word' id='word_1_144' title='bbox 780 1737 869 1775; x_wconf 85' lang='lat' dir='ltr'>aut</span> <span class='ocrx_word' id='word_1_145' title='bbox 898 1740 1131 1791; x_wconf 85' lang='lat' dir='ltr'>corpus,</span> <span class='ocrx_word' id='word_1_146' title='bbox 1163 1739 1282 1791; x_wconf 77' lang='lat' dir='ltr'>quae</span> <span class='ocrx_word' id='word_1_147' title='bbox 1310 1723 1569 1790; x_wconf 87' lang='lat' dir='ltr'>paulatim</span> 
     </span>
     <span class='ocr_line' id='line_1_21' title="bbox 127 1795 1571 1867; baseline 0.002 -18"><span class='ocrx_word' id='word_1_148' title='bbox 127 1798 365 1851; x_wconf 85' lang='lat' dir='ltr'>occidunt</span> <span class='ocrx_word' id='word_1_149' title='bbox 396 1814 456 1850; x_wconf 92' lang='lat' dir='ltr'>ac</span> <span class='ocrx_word' id='word_1_150' title='bbox 492 1798 802 1860; x_wconf 87' lang='lat' dir='ltr'>senescunt,</span> <span class='ocrx_word' id='word_1_151' title='bbox 839 1797 927 1848; x_wconf 87' lang='lat' dir='ltr'>sed</span> <span class='ocrx_word' id='word_1_152' title='bbox 958 1795 1192 1867; x_wconf 85' lang='lat' dir='ltr'>gloriam</span> <span class='ocrx_word' id='word_1_153' title='bbox 1215 1795 1409 1867; x_wconf 83' lang='lat' dir='ltr'>diligit.</span> <span class='ocrx_word' id='word_1_154' title='bbox 1453 1798 1571 1852; x_wconf 79' lang='lat' dir='ltr'>Nec</span> 
     </span>
     <span class='ocr_line' id='line_1_22' title="bbox 128 1871 1568 1939; baseline 0.001 -15"><span class='ocrx_word' id='word_1_155' title='bbox 128 1875 258 1926; x_wconf 82' lang='lat' dir='ltr'>aliud</span> <span class='ocrx_word' id='word_1_156' title='bbox 293 1876 449 1926; x_wconf 86' lang='lat' dir='ltr'>decet</span> <span class='ocrx_word' id='word_1_157' title='bbox 492 1871 599 1924; x_wconf 89' lang='lat' dir='ltr'>tuis</span> <span class='ocrx_word' id='word_1_158' title='bbox 646 1872 887 1923; x_wconf 88' lang='lat' dir='ltr'>manibus</span> <span class='ocrx_word' id='word_1_159' title='bbox 936 1873 1245 1933; x_wconf 82' lang='lat' dir='ltr'>educatam,</span> <span class='ocrx_word' id='word_1_160' title='bbox 1288 1871 1395 1924; x_wconf 89' lang='lat' dir='ltr'>tuis</span> <span class='ocrx_word' id='word_1_161' title='bbox 1435 1887 1568 1939; x_wconf 82' lang='lat' dir='ltr'>prae·</span> 
     </span>
     <span class='ocr_line' id='line_1_23' title="bbox 128 1942 1566 2014; baseline 0 -15"><span class='ocrx_word' id='word_1_162' title='bbox 128 1947 281 2014; x_wconf 85' lang='lat' dir='ltr'>ceptis</span> <span class='ocrx_word' id='word_1_163' title='bbox 313 1946 640 1999; x_wconf 87' lang='lat' dir='ltr'>institutam·</span> <span class='ocrx_word' id='word_1_164' title='bbox 630 1979 646 2004; x_wconf 90' lang='lat'>,</span> <span class='ocrx_word' id='word_1_165' title='bbox 677 1961 795 2013; x_wconf 82' lang='lat' dir='ltr'>quae</span> <span class='ocrx_word' id='word_1_166' title='bbox 829 1942 1005 1995; x_wconf 87' lang='lat' dir='ltr'>nihil</span> <span class='ocrx_word' id='word_1_167' title='bbox 990 1960 1049 1995; x_wconf 87' lang='grc' dir='ltr'>ιιι</span> <span class='ocrx_word' id='word_1_168' title='bbox 1083 1944 1436 1997; x_wconf 83' lang='lat' dir='ltr'>contubernio</span> <span class='ocrx_word' id='word_1_169' title='bbox 1467 1959 1566 1999; x_wconf 83' lang='lat' dir='ltr'>tuo</span> 
     </span>
     <span class='ocr_line' id='line_1_24' title="bbox 129 2015 1567 2092; baseline 0 -21"><span class='ocrx_word' id='word_1_170' title='bbox 129 2020 309 2073; x_wconf 83' lang='lat' dir='ltr'>viderit</span> <span class='ocrx_word' id='word_1_171' title='bbox 333 2019 445 2072; x_wconf 88' lang='lat' dir='ltr'>nisi</span> <span class='ocrx_word' id='word_1_172' title='bbox 480 2017 717 2070; x_wconf 62' lang='lat' dir='ltr'>sanetum</span> <span class='ocrx_word' id='word_1_173' title='bbox 739 2015 1157 2084; x_wconf 85' lang='lat' dir='ltr'>honestumque·</span> <span class='ocrx_word' id='word_1_174' title='bbox 1193 2034 1308 2086; x_wconf 80' lang='lat' dir='ltr'>quae</span> <span class='ocrx_word' id='word_1_175' title='bbox 1334 2018 1567 2092; x_wconf 82' lang='lat' dir='ltr'>denique</span> 
     </span>
     <span class='ocr_line' id='line_1_25' title="bbox 128 2086 1566 2158; baseline 0.001 -14"><span class='ocrx_word' id='word_1_176' title='bbox 128 2109 289 2146; x_wconf 87' lang='lat' dir='ltr'>amare</span> <span class='ocrx_word' id='word_1_177' title='bbox 359 2109 448 2144; x_wconf 88' lang='lat' dir='ltr'>me</span> <span class='ocrx_word' id='word_1_178' title='bbox 502 2108 575 2144; x_wconf 81' lang='lat' dir='ltr'>ex</span> <span class='ocrx_word' id='word_1_179' title='bbox 621 2106 713 2142; x_wconf 89' lang='lat' dir='ltr'>tua</span> <span class='ocrx_word' id='word_1_180' title='bbox 766 2090 1145 2158; x_wconf 81' lang='lat' dir='ltr'>praedicatione</span> <span class='ocrx_word' id='word_1_181' title='bbox 1204 2086 1566 2146; x_wconf 70' lang='lat' dir='ltr'>consueverit.</span> 
     </span>
     <span class='ocr_line' id='line_1_26' title="bbox 128 2162 1565 2246; baseline 0.001 -30"><span class='ocrx_word' id='word_1_182' title='bbox 128 2167 254 2218; x_wconf 84' lang='lat' dir='ltr'>Nam</span> <span class='ocrx_word' id='word_1_183' title='bbox 291 2183 461 2235; x_wconf 88' lang='lat' dir='ltr'>quum</span> <span class='ocrx_word' id='word_1_184' title='bbox 491 2178 713 2216; x_wconf 87' lang='lat' dir='ltr'>matrem</span> <span class='ocrx_word' id='word_1_185' title='bbox 753 2179 926 2215; x_wconf 88' lang='lat' dir='ltr'>meam</span> <span class='ocrx_word' id='word_1_186' title='bbox 950 2162 1195 2246; x_wconf 32' lang='lat' dir='ltr'>&#39;parentis</span> <span class='ocrx_word' id='word_1_187' title='bbox 1228 2164 1355 2216; x_wconf 92' lang='lat' dir='ltr'>loco</span> <span class='ocrx_word' id='word_1_188' title='bbox 1392 2181 1565 2217; x_wconf 79' lang='lat' dir='ltr'>vene-</span> 
     </span>
     <span class='ocr_line' id='line_1_27' title="bbox 127 2234 1563 2307; baseline 0.001 -16"><span class='ocrx_word' id='word_1_189' title='bbox 127 2254 326 2302; x_wconf 76' lang='lat' dir='ltr'>tatere,</span> <span class='ocrx_word' id='word_1_190' title='bbox 365 2256 453 2291; x_wconf 87' lang='lat' dir='ltr'>me</span> <span class='ocrx_word' id='word_1_191' title='bbox 496 2253 714 2307; x_wconf 88' lang='lat' dir='ltr'>quoque</span> <span class='ocrx_word' id='word_1_192' title='bbox 749 2253 779 2288; x_wconf 90' lang='lat' dir='ltr'>a</span> <span class='ocrx_word' id='word_1_193' title='bbox 812 2236 1043 2304; x_wconf 85' lang='lat' dir='ltr'>pueritia</span> <span class='ocrx_word' id='word_1_194' title='bbox 1081 2234 1253 2288; x_wconf 87' lang='lat' dir='ltr'>statim</span> <span class='ocrx_word' id='word_1_195' title='bbox 1290 2235 1521 2292; x_wconf 79' lang='lat' dir='ltr'>formare</span> <span class='ocrx_word' id='word_1_196' title='bbox 1542 2276 1563 2301; x_wconf 79' lang='lat'>,</span> 
     </span>
     <span class='ocr_line' id='line_1_28' title="bbox 125 2305 1563 2378; baseline 0.001 -14"><span class='ocrx_word' id='word_1_197' title='bbox 125 2313 323 2367; x_wconf 83' lang='lat' dir='ltr'>laudare</span> <span class='ocrx_word' id='word_1_198' title='bbox 361 2351 379 2376; x_wconf 91' lang='grc'>,</span> <span class='ocrx_word' id='word_1_199' title='bbox 430 2313 701 2378; x_wconf 87' lang='lat' dir='ltr'>talemque</span> <span class='ocrx_word' id='word_1_200' title='bbox 736 2347 753 2372; x_wconf 89' lang='lat'>,</span> <span class='ocrx_word' id='word_1_201' title='bbox 802 2308 971 2377; x_wconf 87' lang='lat' dir='ltr'>qualis</span> <span class='ocrx_word' id='word_1_202' title='bbox 1023 2325 1164 2360; x_wconf 87' lang='lat' dir='ltr'>nunc</span> <span class='ocrx_word' id='word_1_203' title='bbox 1207 2305 1368 2365; x_wconf 85' lang='lat' dir='ltr'>uxori</span> <span class='ocrx_word' id='word_1_204' title='bbox 1426 2328 1563 2367; x_wconf 72' lang='lat' dir='ltr'>meae,</span> 
     </span>
     <span class='ocr_line' id='line_1_29' title="bbox 125 2381 1564 2454; baseline 0.001 -18"><span class='ocrx_word' id='word_1_205' title='bbox 125 2384 305 2438; x_wconf 84' lang='lat' dir='ltr'>videor</span> <span class='ocrx_word' id='word_1_206' title='bbox 340 2424 358 2449; x_wconf 91' lang='grc'>,</span> <span class='ocrx_word' id='word_1_207' title='bbox 411 2383 643 2437; x_wconf 84' lang='lat' dir='ltr'>ominari</span> <span class='ocrx_word' id='word_1_208' title='bbox 699 2382 921 2435; x_wconf 86' lang='lat' dir='ltr'>solebas.</span> <span class='ocrx_word' id='word_1_209' title='bbox 982 2381 1238 2434; x_wconf 83' lang='lat' dir='ltr'>Certatim</span> <span class='ocrx_word' id='word_1_210' title='bbox 1291 2399 1421 2454; x_wconf 84' lang='lat' dir='ltr'>ergo</span> <span class='ocrx_word' id='word_1_211' title='bbox 1463 2385 1564 2439; x_wconf 88' lang='lat' dir='ltr'>tibi</span> 
     </span>
     <span class='ocr_line' id='line_1_30' title="bbox 123 2453 1567 2529; baseline 0 -19"><span class='ocrx_word' id='word_1_212' title='bbox 123 2459 307 2529; x_wconf 83' lang='lat' dir='ltr'>gratias</span> <span class='ocrx_word' id='word_1_213' title='bbox 360 2458 601 2528; x_wconf 86' lang='lat' dir='ltr'>agimus</span> <span class='ocrx_word' id='word_1_214' title='bbox 590 2492 607 2516; x_wconf 83' lang='lat'>‚</span> <span class='ocrx_word' id='word_1_215' title='bbox 644 2472 787 2524; x_wconf 88' lang='lat' dir='ltr'>eg0,</span> <span class='ocrx_word' id='word_1_216' title='bbox 825 2453 974 2525; x_wconf 75' lang='lat' dir='ltr'>quod</span> <span class='ocrx_word' id='word_1_217' title='bbox 1020 2454 1167 2507; x_wconf 84' lang='lat' dir='ltr'>illam</span> <span class='ocrx_word' id='word_1_218' title='bbox 1214 2456 1383 2520; x_wconf 84' lang='lat' dir='ltr'>mihi,</span> <span class='ocrx_word' id='word_1_219' title='bbox 1427 2458 1518 2511; x_wconf 89' lang='lat' dir='ltr'>illa</span> <span class='ocrx_word' id='word_1_220' title='bbox 1548 2496 1567 2522; x_wconf 83' lang='grc'>,</span> 
     </span>
     <span class='ocr_line' id='line_1_31' title="bbox 126 2526 1563 2602; baseline 0 -18"><span class='ocrx_word' id='word_1_221' title='bbox 126 2530 266 2600; x_wconf 79' lang='lat' dir='ltr'>quod</span> <span class='ocrx_word' id='word_1_222' title='bbox 304 2548 390 2586; x_wconf 87' lang='lat' dir='ltr'>me</span> <span class='ocrx_word' id='word_1_223' title='bbox 428 2531 532 2595; x_wconf 87' lang='lat' dir='ltr'>sibi</span> <span class='ocrx_word' id='word_1_224' title='bbox 562 2528 765 2584; x_wconf 87' lang='lat' dir='ltr'>dederis</span> <span class='ocrx_word' id='word_1_225' title='bbox 789 2568 807 2594; x_wconf 85' lang='lat'>‚</span> <span class='ocrx_word' id='word_1_226' title='bbox 848 2526 1000 2599; x_wconf 84' lang='lat' dir='ltr'>quasi</span> <span class='ocrx_word' id='word_1_227' title='bbox 1042 2527 1281 2583; x_wconf 84' lang='lat' dir='ltr'>invicem</span> <span class='ocrx_word' id='word_1_228' title='bbox 1312 2531 1563 2602; x_wconf 83' lang='lat' dir='ltr'>elegeris.</span> 
     </span>
    </p>
   </div>
   <div class='ocr_carea' id='block_1_3' title="bbox 123 2606 277 2669">
    <p class='ocr_par' dir='ltr' id='par_1_3' title="bbox 123 2606 277 2669">
     <span class='ocr_line' id='line_1_32' title="bbox 123 2606 277 2669; baseline -0.008 -9.97"><span class='ocrx_word' id='word_1_229' title='bbox 123 2606 277 2669; x_wconf 87' lang='lat' dir='ltr'>Vale.</span> 
     </span>
    </p>
   </div>
  </div>
 </body>
</html>
