1951 3720
419 353 558 420 244
749 331 1016 398 CAII
1090 328 1513 397 ΡιιΝιι

412 453 557 506 leudi
576 465 787 521 tempus
811 491 824 516 ,
856 450 978 520 quis
1009 449 1218 503 dicendi
1241 450 1430 502 modus
1451 488 1467 513 ‚
1501 466 1615 518 quae
1642 446 1809 503 distinc-

412 526 494 578 tio
541 525 892 597 pugnantium
944 524 1324 577 sententiarum
1358 562 1374 587 ‚
1420 540 1536 592 quae
1579 523 1808 575 exsecutio

411 599 679 667 prioribus
720 598 920 667 aliquid
965 597 1269 650 addentium
1305 635 1321 659 ‚
1360 613 1574 648 ornnem
1623 596 1809 664 denique

412 672 737 724 senatorium
786 687 994 723 morem
1014 709 1030 734 ‚
1069 671 1215 739 quod
1251 668 1622 721 fidelissimum
1660 669 1811 737 praeci·

411 746 595 813 piendi
619 762 785 815 genus
800 784 815 808 ‚
841 743 1105 811 exemplis
1128 744 1465 796 docebantur.
1492 744 1562 793 At
1582 759 1674 795 nos
1690 741 1812 807 juve·

413 835 509 871 nes
533 818 729 871 fuimus
764 818 979 886 quidem
1002 817 1061 867 in
1079 816 1287 876 castris;
1313 816 1401 868 sed
1422 833 1587 885 quum
1622 815 1813 882 suspeffl

413 892 587 943 virtus
611 930 626 950 ,
664 891 856 945 inertia
891 890 949 941 in
986 890 1201 957 pretio;
1234 906 1398 957 quum
1431 888 1646 941 ducibus
1675 888 1812 940 audio-

413 964 541 1016 ritas
560 967 704 1017 nulla
724 1004 739 1028 ‚
765 967 909 1016 nulla
939 962 1200 1014 militibus
1218 962 1542 1014 verecundia
1561 980 1578 1022 ·‚
1601 961 1816 1029 nusquam

414 1036 703 1105 imperium
723 1076 739 1101 ,
778 1038 1036 1105 nusquam
1059 1036 1375 1105 obsequium
1396 1054 1412 1095 ·,
1448 1035 1633 1087 omnia
1652 1034 1816 1098 soluta,

414 1113 621 1163 turbata
642 1150 657 1174 ‚
692 1125 851 1178 atque
875 1110 1040 1162 etiam
1072 1110 1129 1160 in
1163 1108 1492 1162 contrarium
1514 1108 1664 1162 versa
1680 1147 1694 1171 ‚
1721 1109 1817 1176 pos·

414 1182 591 1237 tremo
621 1184 980 1237 obliviscenda
1003 1181 1170 1252 magis
1204 1181 1362 1251 quam
1405 1184 1649 1235 tenenda.
1686 1181 1818 1234 Iidem

414 1257 789 1326 prospeximus
831 1256 1030 1309 curiam
1071 1293 1087 1318 ,
1131 1255 1220 1308 sed
1259 1255 1461 1307 curiam
1518 1254 1756 1324 trepidam
1780 1254 1818 1306 &

414 1330 724 1400 elinguem3
762 1346 926 1399 quum
958 1329 1132 1381 dicere
1169 1331 1314 1398 quod
1347 1327 1521 1382 vdles
1549 1369 1564 1390 ,
1600 1328 1819 1399 periculo-

418 1403 534 1455 sum
556 1441 571 1466 ,
610 1405 756 1471 quod
795 1406 967 1455 nolles
989 1442 1004 1466 ‚
1049 1402 1300 1454 miserum
1342 1401 1489 1456 esset.
1549 1402 1689 1468 Quid
1722 1416 1818 1452 tunc

414 1475 545 1529 disci
586 1476 802 1544 potuit·‚
825 1476 952 1544 quid
981 1474 1212 1527 didiciffe
1240 1473 1381 1539 iuvit
1403 1515 1419 1539 ,
1453 1492 1619 1544 quum
1653 1476 1820 1527 senatus
1874 1495 1877 1500 ·

416 1564 509 1602 aut
535 1551 602 1601 ad
638 1548 815 1601 otium
846 1549 1110 1601 summum
1135 1587 1150 1612 ,
1187 1563 1278 1601 aut
1317 1550 1382 1601 ad
1420 1549 1681 1601 summum
1709 1548 1820 1599 nefas

417 1625 744 1677 vocaretur?
779 1624 832 1675 δε
873 1621 1038 1675 modo
1073 1621 1302 1675 ludibrio
1323 1662 1338 1686 ‚
1379 1620 1548 1674 modo
1583 1621 1744 1674 dolori
1766 1637 1821 1672 re-

419 1710 598 1749 tentus
622 1736 637 1760 ‚
672 1713 964 1765 numquam
1000 1696 1133 1748 seria
1161 1736 1178 1761 ,
1218 1694 1384 1747 tristia
1417 1695 1557 1763 saepe
1586 1695 1821 1748 censeret?

416 1771 614 1824 Eadem
648 1771 785 1822 mala
817 1768 923 1834 iam
958 1770 1228 1822 senatores
1252 1809 1267 1833 ‚
1304 1768 1410 1835 jam
1441 1768 1721 1837 participes
1737 1782 1823 1819 ma-

418 1846 599 1898 lorum
618 1885 633 1909 ‚
673 1844 872 1896 multos
896 1860 992 1912 per
1022 1860 1191 1896 annos
1210 1842 1447 1896 vidimus
1470 1883 1485 1907 ‚
1509 1841 1824 1910 tulimusque3

419 1917 610 1986 quibus
647 1917 862 1987 ingenia
884 1917 1058 1969 nostra
1079 1918 1138 1969 in
1163 1916 1434 1985 posterum
1466 1933 1680 1986 quoque
1699 1916 1825 1967 hebe-

420 2005 527 2043 tata
548 2030 563 2054 ‚
596 1991 794 2055 fracta,
834 1992 1056 2043 contusa
1077 1991 1215 2042 sunt.
1263 1991 1435 2044 Breve
1466 1991 1715 2060 tempus(
1730 2004 1824 2039 nam

423 2063 574 2117 tanto
609 2052 844 2117 brevius*
860 2080 1025 2117 omne
1045 2104 1061 2128 ‚
1111 2061 1311 2133 quanto
1352 2063 1564 2117 felicius
1613 2059 1825 2130 tempus)

422 2155 532 2206 quo
568 2137 698 2190 libet
727 2137 857 2189 scire
893 2138 1024 2205 quid
1046 2138 1212 2190 simus
1233 2177 1249 2201 ,
1285 2137 1414 2190 libet
1442 2152 1688 2190 exercere
1715 2134 1825 2204 quod

422 2212 619 2264 sumus,
666 2208 794 2277 Quo
835 2208 1018 2273 iustius
1053 2227 1182 2280 peto
1219 2210 1450 2278 primurn
1485 2224 1547 2262 ut
1570 2208 1730 2263 errori
1758 2205 1825 2273 (si

420 2285 543 2352 quis
568 2283 641 2335 est
665 2283 852 2350 error)
872 2283 1068 2336 tribuas
1088 2283 1304 2337 veniam
1324 2302 1340 2343 3
1379 2283 1569 2335 deinde
1609 2279 1826 2336 medearis

422 2357 640 2410 scientia
671 2356 761 2408 tua
782 2395 797 2419 ‚
829 2356 915 2408 cui
951 2357 1159 2425 semper
1189 2357 1292 2410 fuit
1321 2373 1445 2409 cura
1467 2395 1483 2420 ‚
1518 2355 1597 2409 sic
1623 2355 1728 2422 jura
1757 2370 1828 2422 pu·

420 2431 557 2483 blica
578 2444 637 2482 ut
657 2429 865 2497 privata
888 2470 902 2492 ‚
934 2431 1013 2482 sic
1046 2431 1262 2499 antiqua
1288 2445 1348 2481 ut
1365 2428 1602 2483 recentia
1617 2469 1632 2493 ‚
1655 2428 1727 2482 sic
1743 2442 1828 2479 rara

423 2520 483 2556 ut
536 2503 741 2555 assidua
792 2503 1032 2556 tractare.
1095 2505 1270 2572 Atque
1326 2520 1430 2573 ego
1475 2504 1703 2555 arbitror
1747 2499 1827 2552 inis

422 2577 585 2629 etiam
611 2615 625 2639 ,
659 2575 847 2643 quibus
885 2576 1232 2644 plurimarum
1271 2592 1448 2628 rerum
1494 2575 1715 2646 agitatio
1748 2574 1828 2626 fre·

424 2665 592 2720 quens
614 2649 747 2700 nihil
772 2647 873 2700 effe
891 2649 1452 2719 ignotumpatiebatur
1470 2688 1487 2713 ,
1512 2666 1678 2718 genus
1702 2644 1829 2716 quaes-

423 2723 590 2776 tionis
612 2762 626 2785 ‚
660 2723 805 2791 quod
839 2721 1005 2774 affero
1029 2725 1092 2774 ad
1114 2738 1167 2776 te
1187 2763 1202 2786 ,
1229 2737 1319 2775 aut
1348 2739 1460 2774 non
1493 2721 1621 2775 satis
1641 2721 1799 2774 tritum
1814 2755 1827 2778 ι

420 2812 510 2848 aut
547 2794 707 2848 etiam
738 2794 1077 2863 inexpertum
1108 2795 1277 2849 suiss‘e.
1322 2794 1444 2849 Hoc
1472 2796 1527 2847 δι
1563 2812 1668 2866 ego
1697 2807 1828 2847 excu-

425 2869 620 2932 satior,
657 2867 706 2920 si
735 2867 875 2921 fort'e
897 2869 1012 2921 sum
1043 2871 1217 2938 lapsus
1242 2910 1257 2934 ‚
1293 2870 1422 2921 &tu
1440 2868 1655 2938 dignior
1674 2866 1828 2922 laude,

424 2943 473 2996 si
502 2958 659 3014 potes
694 2941 756 2997 id·
785 2959 1001 3014 quoque
1023 2945 1213 2999 docere
1228 2982 1244 3011 ,
1269 2944 1424 3027 quod*
1445 2941 1503 2996 in
1533 2943 1749 2998 obscuro
1774 2933 1831 2990 est
