1951 3720
427 281 573 354 216
769 281 1535 359 CAII'PLINII

418 418 624 458 rentur.
660 406 817 458 Nunc
840 423 870 459 a
897 422 952 459 te
988 407 1185 462 librum
1217 427 1397 463 meum
1429 427 1549 464 cum
1568 410 1842 468 adnotatio-⁴

421 478 579 530 nibus
625 478 735 530 tuis
778 481 1049 548 exspestm
1108 483 1162 536 O
1210 483 1462 548 jucundas
1495 525 1510 549 ‚
1548 486 1587 539 ὀ
1628 489 1839 554 pulchras

419 549 571 604 vices
597 556 609 605 l
639 553 814 618 Quam
847 571 932 606 me
956 556 1180 609 delectat
1201 596 1216 620 ‚
1242 556 1383 626 quod
1401 598 1416 620 ‚
1446 561 1493 611 si
1514 577 1618 629 qua
1644 560 1838 628 posteris

419 638 545 677 cura
576 626 775 689 nostri,
799 628 1173 699 usquequaque
1196 634 1488 685 narrabitur
1521 634 1626 701 qua
1650 649 1840 687 concor·

419 696 506 749 dia
529 737 544 761 ‚
583 698 927 768 simplicitate
948 741 966 766 ,
1000 703 1105 756 fide
1148 705 1447 758 vixerimus
1484 712 1496 759 l
1545 707 1660 758 Erit
1696 724 1839 760 rarum

422 770 478 822 &
508 771 716 841 insigne
736 813 751 837 ‚
789 777 924 827 duos
955 777 1203 830 homines
1237 794 1390 832 aetate
1410 818 1426 843 ,
1460 780 1719 849 dignitate
1735 798 1840 848 pro·

418 845 709 911 pemodum
743 853 971 917 aquales
992 890 1007 913 ‚
1048 853 1358 904 nonnullius
1384 854 1440 904 in
1470 853 1667 906 litteris
1689 854 1839 906 nomi·

416 918 504 969 nis
532 919 551 985 (
583 936 749 988 cogor
786 923 930 974 enim
968 926 1033 976 de
1064 940 1115 977 te
1145 942 1361 995 quoque
1397 927 1608 995 parcius
1646 929 1806 980 dicere
1825 967 1838 992 ‚

418 990 544 1057 quia
579 993 641 1043 de
675 1011 761 1045 me
803 996 961 1048 simul
999 998 1162 1064 dico)
1197 1003 1420 1051 alterum
1453 1004 1673 1053 alterius
1706 1001 1841 1053 studia

416 1062 628 1118 foviffe.
672 1068 929 1135 Equidem
967 1073 1423 1136 adolescentulus,
1458 1091 1624 1142 quum
1663 1072 1763 1139 jam
1794 1090 1841 1127 tu

415 1135 555 1189 fama
579 1142 854 1210 gloriaque
878 1143 1100 1197 floreres
1121 1184 1136 1209 ‚
1169 1161 1223 1198 te
1248 1147 1396 1215 sequi
1417 1186 1432 1209 ‚
1455 1147 1553 1199 tibi
1578 1151 1724 1217 longo
1743 1183 1758 1205 ,
1774 1147 1843 1215 fed

411 1214 689 1277 proximus,
721 1216 980 1267 intervallo
1004 1220 1056 1271 &
1087 1218 1190 1271 effe
1229 1222 1281 1272 &
1315 1222 1492 1272 haberi
1528 1222 1840 1290 concupisce·

413 1284 555 1339 bam.
597 1288 660 1338 Et
696 1303 844 1340 erant
880 1294 1045 1344 multa
1075 1294 1367 1346 clarissima
1404 1294 1621 1363 ingenia
1646 1314 1663 1355 ς
1691 1298 1770 1347 sed
1795 1312 1839 1348 tu

414 1358 553 1410 mihi
593 1362 615 1429 (
653 1362 726 1413 ita
772 1363 1072 1432 similitudo
1110 1383 1308 1419 naturae
1348 1368 1588 1436 ferebat)
1626 1369 1839 1421 maxime

412 1428 689 1486 imitabilis
723 1474 739 1497 ,
781 1438 1017 1492 maxime
1054 1440 1337 1493 imitandus
1385 1442 1671 1494 videbaris·
1735 1441 1837 1509 Quo

413 1506 585 1575 magis
624 1510 825 1577 gaudeo
859 1510 1004 1581 quod
1026 1552 1042 1577 ,
1085 1513 1132 1566 si
1176 1515 1296 1583 quis
1331 1517 1394 1567 de
1430 1515 1611 1567 studiis
1647 1517 1836 1581 ferme,

414 1578 519 1631 una
544 1584 921 1645 nominamur-3
956 1585 1104 1655 quod
1129 1590 1190 1640 de
1222 1605 1273 1641 te
1315 1590 1660 1657 loquentibus
1692 1590 1838 1641 statim

414 1668 659 1709 occurro.
707 1658 818 1709 Nec
855 1660 1039 1711 desunt
1072 1662 1164 1729 qui
1204 1661 1417 1730 utrique
1452 1663 1690 1716 nostrum
1734 1680 1840 1731 prae-

412 1725 664 1782 ferantur.
715 1732 818 1782 Sed
855 1732 988 1785 nihil
1029 1733 1242 1787 interest
1276 1736 1396 1787 mea
1432 1753 1544 1804 quo
1581 1741 1709 1789 loco
1744 1736 1840 1801 jun·

413 1800 625 1870 gimur:
653 1820 776 1855 nam
817 1806 950 1858 mihi
984 1807 1188 1875 primus
1214 1847 1230 1873 ,
1267 1810 1362 1878 qui
1391 1826 1421 1860 a
1464 1825 1515 1862 te
1552 1827 1837 1879 proximus.

412 1875 565 1940 Quin
605 1878 766 1929 etiam
788 1879 845 1929 in
876 1880 1198 1934 testamentis
1235 1885 1390 1936 debes
1415 1884 1717 1938 adnotaffe:
1748 1884 1839 1936 nisi

414 1950 533 2015 quis
564 1950 703 2002 forte
727 1955 966 2006 alterutri
998 1955 1228 2007 nostrum
1252 1958 1608 2010 amicissimus
1627 1997 1644 2020 ,
1674 1961 1837 2010 eadem

410 2022 582 2090 legata
601 2061 617 2086 ,
647 2026 699 2077 &
722 2026 938 2093 quidem
971 2029 1168 2095 pariter
1190 2069 1206 2094 ,
1231 2031 1539 2100 accipimus,
1582 2032 1715 2098 Quae
1740 2048 1835 2083 om·

410 2095 502 2146 nia
537 2098 640 2175 hgc
679 2098 948 2165 speciant,
997 2116 1055 2152 ut
1091 2102 1325 2155 invicem
1369 2104 1635 2157 ardentius
1666 2108 1834 2174 diliga-

409 2185 528 2221 mus
555 2210 569 2233 ,
615 2188 778 2238 quum
825 2187 908 2224 tot
957 2174 1190 2228 vinculis
1233 2195 1333 2229 nos
1379 2177 1543 2229 studia
1573 2217 1587 2240 ,
1630 2195 1830 2239 moreS,

406 2241 543 2293 fama
567 2281 583 2306 ,
624 2245 864 2312 suprema
901 2248 1132 2318 denique
1166 2251 1450 2304 hominum
1483 2250 1679 2318 judicia
1713 2268 1832 2306 con·

406 2313 679 2386 stringant.
721 2319 877 2373 Vale.

415 2430 428 2435 ⁷
491 2435 668 2492 XXL
709 2439 1039 2496 Fuluus
1083 2446 1465 2501 Conuuro
1508 2463 1658 2501 suo
1698 2450 1749 2504 S.

404 2534 495 2586 Ait
510 2533 566 2604 se
588 2539 827 2588 oculorum
861 2540 1131 2608 infirmitati
1161 2542 1401 2611 consulere
1426 2581 1444 2603 ‚
1484 2549 1631 2615 deque
1659 2547 1830 2618 gallina

790 2637 854 2684 ad
876 2633 932 2704 se
968 2636 1100 2705 miffa
1127 2641 1310 2709 gratias
1342 2643 1460 2711 agit.

410 2714 481 2808 P
501 2767 705 2808 AREO
743 2795 760 2821 ,
814 2762 1019 2830 collega
1069 2762 1346 2818 carissime
1377 2805 1392 2829 ‚
1452 2767 1505 2818 &
1543 2765 1827 2820 infirmitati

406 2831 682 2880 oculorum
705 2870 719 2894 ,
748 2847 807 2883 ut
840 2831 987 2897 jubes
1009 2875 1023 2898 ,
1058 2837 1299 2890 consulo.
1339 2841 1474 2890 Nam
1501 2841 1555 2892 ἃ
1576 2843 1677 2893 huc
1698 2840 1828 2892 tedio
1892 2838 1893 2845 ’

403 2901 657 2958 vehiculo
692 2905 925 2977 undique
963 2909 1194 2963 inclusus
1217 2949 1234 2975 ,
1270 2913 1421 2982 quasi
1453 2914 1511 2966 in
1546 2915 1786 2996 cubiculo·
1810 2951 1848 2977 ,-

1577 3003 1791 3058 perveni
1808 3023 1825 3051 ‚
