1951 3720
365 315 507 411 ‘308
707 316 966 386 CAH
1033 314 1466 382 PL.INII

366 456 547 492 novus
570 441 796 492 colonus
831 439 1006 491 facere
1025 439 1226 491 debeat.
1259 437 1516 489 Praeterea
1541 433 1805 488 continuae

365 512 667 566 sterilitates
700 527 900 583 cogunt
917 528 1004 564 me
1024 514 1086 564 de
1107 510 1513 563 remissionibus
1538 511 1807 579 cogitate,

368 602 590 654 quarum
624 587 888 639 rationem
909 625 926 649 ‚
950 585 1057 638 nisi
1092 585 1315 653 praesens
1337 623 1354 646 ‚
1384 583 1522 636 inire
1551 599 1669 635 non
1691 583 1806 650 pos-

367 658 502 711 sum.
542 661 763 712 Debebo
796 676 926 728 ergo
948 698 963 722 ‚
998 658 1237 711 Domine
1259 697 1275 722 ,
1307 657 1656 726 indulgentiae
1680 671 1807 719 tua,

371 732 426 782 &
473 732 684 799 pietatis
720 750 851 784 meae
888 731 1215 785 celeritatem
1237 770 1251 793 ‚
1291 731 1343 782 ὅ(
1388 729 1548 781 statfis
1596 728 1808 781 ordina-

368 804 578 857 tionem
603 844 617 868 ,
663 805 707 856 si
746 804 880 857 mihi
921 807 992 857 ob
1034 820 1256 872 utraque
1284 805 1397 855 haec
1432 803 1643 855 dederis
1676 816 1812 853 com·

371 893 605 929 meatum
635 878 853 947 triginta
885 877 1108 931 dierum.
1149 879 1337 946 Neque
1370 876 1519 928 enim
1547 875 1809 945 angustius

373 964 585 1018 tempus
617 950 885 1019 pra-finire
913 949 1122 1018 poffum
1144 990 1160 1015 ,
1200 967 1364 1018 quum
1387 951 1440 1001 δι.
1458 949 1811 1016 municipium

374 1023 429 1073 ὅ(
470 1023 620 1091 agri,
663 1026 726 1076 de
764 1023 954 1092 quibus
984 1026 1182 1092 loquor
1203 1063 1218 1087 ‚
1265 1023 1372 1077 sint
1410 1025 1550 1075 ultra
1585 1020 1811 1076 centesi-

373 1111 523 1149 mum
562 1097 615 1149 &
649 1096 1150 1167 quinquagesimum
1182 1096 1433 1164 lapidem.

548 1217 757 1271 XXV.
798 1218 1223 1270 TRAJANUS
1263 1216 1551 1269 Ptnuo
1594 1216 1677 1270 S.-

376 1305 475 1395 E
492 1356 528 1392 r
554 1342 769 1409 privatas
806 1341 979 1391 multas
1020 1342 1066 1391 ὃν
1098 1359 1255 1392 omnes
1285 1340 1502 1409 publicas
1535 1337 1710 1405 causas
1738 1359 1814 1408 pc·

380 1416 513 1463 tendi
548 1415 825 1466 commentas
854 1414 1098 1476 reddidisti
1129 1432 1145 1464 .·
1177 1414 1288 1463 mibi
1317 1430 1470 1463 autem
1494 1414 1575 1464 vel
1588 1411 1713 1481 sola
1740 1432 1814 1464 νο·

378 1485 538 1537 luntas
567 1504 649 1537 tua
676 1486 946 1554 fiefficiffet.
988 1489 1155 1553 Neque
1184 1490 1303 1536 enim
1335 1487 1496 1538 dubito
1531 1503 1579 1536 te
1602 1527 1621 1551 ‚
1647 1504 1701 1536 ut
1725 1487 1813 1553 pri·

380 1559 500 1609 mam
530 1562 769 1629 potueris,
792 1562 856 1609 ad
884 1577 981 1610 tam
1004 1562 1249 1621 distriHum
1278 1559 1481 1627 officium
1515 1559 1813 1628 reversurum.

382 1630 601 1683 Statuam
623 1640 741 1700 poni
760 1633 870 1682 mihi
893 1652 921 1682 a
944 1649 991 1682 te
1014 1653 1097 1691 eo,
1120 1652 1208 1702 quo
1234 1636 1468 1684 desideras
1487 1634 1599 1684 loco
1616 1669 1635 1691 ,
1667 1653 1813 1701 quam·

381 1723 517 1772 quam
555 1705 775 1774 ejusmodi
803 1709 1025 1756 honorum
1056 1708 1352 1774 parcissimus
1375 1741 1388 1763 ‚
1426 1723 1581 1758 tamen
1624 1724 1811 1775 patior,

382 1797 441 1829 ne
473 1780 705 1849 impedzffe
727 1779 903 1846 cursum
939 1798 1049 1850 erga
1081 1800 1151 1831 me
1182 1783 1378 1849 pietatis
1406 1797 1495 1832 tuae
1527 1784 1714 1832 videar.

384 1900 630 1957 XXVI.
672 1902 1000 1954 Pmntus
1039 1902 1415 1955 'sunno
1455 1904 1725 1957 Imrnn.
1764 1904 1811 1958 S.

709 2024 796 2073 De
817 2022 986 2073 itinere
1002 2021 1090 2089 suo
1122 2022 1173 2073 in
1197 2022 1489 2091 Bithyniam.

392 2097 618 2216 Qum
652 2144 866 2197 confido
888 2184 903 2207 ‚
934 2144 1176 2197 Domine
1198 2185 1213 2209 ‚
1245 2148 1308 2198 ad
1331 2163 1510 2198 curam
1536 2160 1686 2199 tuam
1704 2164 1809 2215 per-

387 2221 558 2271 tinere
584 2257 598 2279 ,
631 2218 824 2270 nuntio
860 2218 958 2269 tibi
1002 2235 1087 2269 me
1123 2219 1382 2285 Ephesum
1425 2237 1547 2289 eum
1573 2222 1809 2273 omnibus

386 2294 521 2344 meis
539 2291 682 2352 ‘Ca-'to
708 2291 927 2349 Μαλέων
949 2291 1244 2359 navigaffe3
1269 2292 1518 2359 quamvis
1541 2294 1810 2345 contrariis

386 2369 565 2421 ventis
590 2384 842 2422 retentus.
864 2372 1019 2423 Nunc
1052 2371 1253 2423 destino
1284 2373 1473 2440 partim
1503 2373 1700 2426 orariis
1728 2390 1809 2423 na-

385 2442 543 2494 vibus
565 2481 578 2504 ‚
604 2443 796 2509 partim
816 2444 1079 2496 vehiculis
1101 2444 1435 2512 provinciam
1452 2462 1659 2514 petere.
1692 2449 1808 2498 Nam

389 2515 527 2568 sicut
566 2515 743 2567 itineri
779 2534 965 2587 graves
1011 2517 1196 2583 testim,
1232 2518 1307 2572 ita
1345 2519 1621 2573 continuae
1671 2520 1808 2573 navi·

388 2588 594 2661 gationi
625 2590 814 2645 Etesiae
848 2590 1186 2647 reluaantur.
