1951 3720
350 371 407 421 2*
634 349 912 416 CAII
987 346 1414 416 ΡιῙΝῙῙ
1797 342 1828 361 ““

347 466 552 519 imitari
596 465 1016 519 Demosthenem
1058 462 1267 530 semper
1308 479 1459 518 tuum
1494 502 1511 528 ‚
1562 464 1792 517 Calvum
1830 498 1834 501 -

347 556 520 623 nuper
551 556 770 603 meum,
821 535 1008 607 figuris
1038 538 1292 589 duntaxat
1322 537 1583 590 orationis
1616 555 1629 590 ε
1666 553 1794 589 nam
1834 567 1844 575 ·

350 612 468 664 vim
496 627 769 664 tantorum
790 611 1036 664 virorum
1053 610 1198 677 pauci
1213 643 1229 666 ‚
1259 628 1371 675 quos
1398 629 1549 679 aquus
1578 616 1793 672 amarit,

346 683 548 754 affequi
582 684 815 753 pofl‘unt.
848 684 961 734 Nec
996 680 1216 733 materia
1250 681 1361 752 ipsa
1392 683 1516 737 huic
1548 683 1571 750 (
1597 697 1798 734 vereor
1823 704 1846 731 r

348 774 419 809 ne
424 757 688 842 ‘improbe
716 755 926 822 dicam)
950 752 1283 808 aemulationi
1305 755 1641 826 repugnavit.
1673 756 1840 806 Erat

347 830 497 884 enim
533 830 703 899 prope
742 845 883 883 tota
888 827 949 878 in
977 826 1329 883 contentione
1366 828 1607 882 dicendi·
1597 863 1613 887 ,
1648 828 1804 899 quod

356 920 444 955 me
478 906 655 973 longae
689 902 913 956 desidiae
954 901 1370 955 indormientem
1403 900 1707 963 excitavit,
1750 900 1806 952 si

356 975 523 1054 modo
558 978 605 1029 is
637 978 750 1029 sum
784 992 888 1045 ego
919 973 1014 1042 qui
1049 973 1271 1028 excitari
1297 976 1523 1068 possim.
1554 975 1684 1026 Non
1717 986 1806 1026 ta·

354 1050 485 1112 men
523 1057 751 1110 omnino
788 1055 961 1109 Marci
1001 1052 1168 1110 nostri
1206 1045 1473 1114 ληιῦθονς
1512 1056 1745 1127 fugimus
1775 1093 1807 1120 η

358 1132 574 1201 quoties
598 1132 870 1200 paululum
901 1130 1090 1182 itinere
1110 1130 1359 1181 decedere
1388 1145 1502 1181 non
1519 1130 1808 1198 intempes-

357 1205 494 1258 tivis
541 1204 938 1257 amoenitatibus
977 1203 1404 1255 admonebamur.
1447 1203 1611 1255 Actes
1657 1202 1809 1256 enim

356 1277 501 1342 effe,
534 1295 648 1331 non
679 1276 887 1339 tristes,
918 1277 1251 1327 volebamus.
1284 1275 1397 1326 Nec
1427 1275 1516 1327 est
1530 1278 1675 1345 quod
1705 1293 1811 1345 pu·-

362 1365 444 1403 tes
491 1368 577 1403 me
625 1351 716 1402 sub
760 1350 858 1401 hac
902 1347 1223 1416 exceptione
1264 1346 1482 1399 veniam
1523 1348 1813 1419 postulare.

362 1426 578 1487 Imm0,
611 1422 721 1491 quo
752 1421 920 1492 magis
946 1421 1215 1473 intendam
1241 1417 1425 1471 limam
1454 1435 1645 1485 tuam,
1683 1439 1815 1474 con-

365 1496 560 1549 fitebor
585 1497 637 1548 δι
670 1495 843 1564 ipsum
876 1512 962 1547 me
989 1495 1041 1547 &
1064 1494 1463 1546 contubernales
1487 1497 1549 1548 ab
1572 1494 1818 1548 editione

365 1587 481 1622 non
509 1570 834 1631 abhorrere,
875 1567 922 1619 si
953 1565 1118 1619 modo
1148 1579 1207 1617 tu
1232 1564 1444 1619 fortaffe
1475 1567 1644 1620 errori
1679 1584 1818 1622 nos·-

367 1656 455 1708 tro
496 1644 671 1694 album
715 1643 974 1695 calculum
1015 1637 1285 1704 adjeceris.
1340 1638 1424 1692 Est
1458 1641 1605 1694 enim
1655 1639 1820 1709 plane

370 1703 573 1784 aliquid
595 1716 884 1778 edendum,
909 1729 1067 1782 atque
1088 1711 1293 1764 utinam
1312 1711 1419 1764 hoc
1440 1713 1786 1782 potissimum
1802 1752 1822 1777 ,

375 1788 523 1859 quod
545 1802 785 1856 paratum
809 1786 921 1840 est!
951 1787 973 1854 (
998 1785 1143 1837 audis
1167 1784 1379 1837 desidiae
1402 1802 1595 1840 votum
1616 1786 1637 1854 )
1661 1789 1823 1839 eden·

379 1865 506 1915 'dum
532 1877 708 1914 autem
736 1878 805 1914 ex
834 1860 1071 1945 pluribus
1096 1857 1299 1912 causis·
1288 1894 1304 1918 ,
1335 1858 1569 1914 maxime
1592 1858 1736 1930 quod
1759 1858 1852 1915 li-

377 1936 507 1988 belli
541 1951 680 2018 quos
707 1933 1020 1996 emisimuS,
1052 1930 1334 1985 dicuntur
1320 1948 1378 1983 ιιι
1406 1935 1646 1989 manibus
1672 1932 1780 1986 effe
1807 1972 1827 1997 ‚

384 2008 632 2076 quamvis
668 2006 773 2072 jam
811 2005 1033 2076 gratiam
1070 2003 1329 2058 novitatis
1365 2007 1672 2067 exsuci-inv,
1713 2006 1831 2059 nisi

386 2089 565 2133 'tamen
613 2080 822 2131 auribus
876 2078 1068 2131 nostris
1111 2076 1418 2146 bibliopolae
1467 2080 1832 2134 blandiuntur.

386 2153 491 2224 Sed
522 2153 644 2205 sane
674 2152 1004 2205 blandiantur
1023 2190 1039 2214 ,
1077 2152 1200 2203 dum
1236 2166 1331 2217 per
1358 2153 1463 2205 hoc
1493 2153 1834 2205 mendacium

386 2227 546 2280 'nobis
577 2225 742 2278 studia
772 2225 944 2278 nostra
974 2224 1366 2279 commendent.
1398 2226 1555 2280 Vale.

387 2339 890 2408 111.,Pz1u1us
933 2340 1287 2392 CAnnuo
1327 2339 1540 2394 Rufo
1583 2352 1729 2394 suo
1771 2341 1839 2396 S.

395 2434 662 2495 Occasione
697 2433 1010 2484 amanitatum
1043 2436 1211 2502 patriae
1238 2468 1253 2493 ,
1296 2437 1515 2485 bortatur
1542 2434 1837 2494 Caninium,

386 2525 393 2532 ·
466 2524 520 2558 ur
546 2508 812 2557 litterarum
829 2506 1003 2569 studiis
1032 2508 1080 2558 G·
1102 2506 1297 2577 scriptis
1319 2507 1460 2575 famae
1484 2506 1584 2576 suae
1617 2508 1663 2559 ὃ·
1694 2523 1842 2559 aetctb

471 2580 616 2632 nitati
636 2577 837 2646 J'erviat.

403 2674 501 2796 Q
524 2734 666 2773 1111>
704 2719 812 2791 agit
851 2722 1123 2784 Comum,
1164 2735 1268 2776 tuae
1305 2739 1544 2790 meaeque
1579 2721 1785 2775 deliciae
1815 2725 1840 2778 ἓ

390 2796 529 2864 quid
552 2794 899 2847 suburbanum
934 2794 1401 2849 amoenissimum?
1441 2794 1568 2864 quid
1596 2796 1685 2848 illa
1713 2813 1844 2864 por-

401 2875 537 2928 ticus
557 2893 724 2928 verna
746 2876 987 2944 semper?
1019 2875 1146 2945 quid
1167 2869 1436 2930 volcanum
1459 2878 1842 2945 opacissimus?

392 2948 529 3027 1quid
552 2949 776 3019 Euripus
799 2949 990 3004 viridis
1013 2951 1067 3003 ὃ(
1085 2966 1361 3021 gemmeus
1381 2952 1403 3004 ἓ
1427 2951 1556 3020 quid
1577 2950 1845 3019 subjeetus
