1951 3720
336 256 1311 387 EiassroLAE.Lib.lx.
1432 316 1562 418 265

236 434 390 489 Vn.
434 434 767 490 Putuus
806 435 1158 489 RouAno
1202 450 1349 491 suo
1390 440 1447 493 S.

174 555 443 627 AEdij't‘care
463 555 518 626 se
542 557 661 609 dicit
679 556 729 608 ln
747 554 851 625 suls
873 559 938 608 ad
959 558 1153 609 Larium
1172 558 1327 610 lacum
1354 556 1517 625 riuis,

649 673 764 723 quas
803 651 1045 721 describit.

138 741 648 830 AEDIFICARE
697 791 752 829 te
789 774 992 829 scribis.
1040 776 1184 831 Bene
1226 777 1301 831 est
1333 797 1345 832 z
1380 776 1571 833 inveni

135 850 495 915 patrocinium.
541 848 769 902 AEdifico
814 850 958 901 enim
1003 848 1110 915 iam
1150 852 1359 904 ratione
1387 890 1402 915 ,
1446 854 1570 921 quia

136 936 310 975 tecum.
363 924 501 974 Nam
531 925 635 975 hoc
677 939 893 991 quoque
935 939 1049 975 non
1078 924 1376 988 dissimile,
1419 925 1569 994 qubd

135 996 186 1045 ad
227 1013 373 1048 mare
411 1009 506 1058 tu,
548 1012 651 1065 ego
693 998 756 1047 ad
792 996 1007 1048 Larium
1049 998 1240 1050 lacum.
1293 996 1462 1062 Hujus
1510 999 1567 1051 in

133 1067 298 1121 littore
328 1072 511 1137 plures
533 1071 680 1121 villae
719 1085 849 1121 meae
878 1087 895 1127 ς
937 1069 1026 1120 sed
1049 1071 1193 1132 duae,
1227 1085 1287 1122 ut
1325 1070 1565 1125 maxime

135 1141 412 1205 delm‘lzmr,
445 1141 519 1193 ita
561 1156 829 1195 exercent.
870 1143 1050 1193 Altera
1088 1142 1345 1211 imposita
1387 1144 1526 1197 saxis
1549 1183 1567 1210 ‚

135 1230 265 1267 more
308 1214 550 1278 Baian0‚
589 1217 760 1267 lacum
804 1214 1097 1283 prospicit·
1087 1250 1102 1273 ‚
1144 1218 1307 1268 altera
1344 1255 1360 1280 ‚
1412 1214 1565 1285 aequ’e

135 1302 265 1340 more
294 1287 532 1352 Baiano,
557 1290 728 1341 lacum
761 1288 946 1357 tangit.
965 1288 1164 1355 Itaque
1193 1288 1339 1340 illam
1375 1304 1567 1359 tragoe-

135 1359 290 1424 diam,
329 1362 467 1413 hanc
515 1363 779 1429 appellare
821 1360 1145 1412 comoediam
1182 1361 1378 1413 soleo:
1421 1362 1565 1415 illam

136 1432 260 1501 qubd
285 1434 437 1503 quasi
465 1434 776 1496 cothurnis,
812 1435 946 1485 hanc
978 1432 1120 1501 qubd
1155 1434 1307 1502 quasi
1337 1434 1565 1488 socculis

133 1505 414 1560 sustinetur.
472 1508 576 1559 Sua
617 1507 830 1575 utrique
867 1505 1149 1558 amoenitas
1177 1545 1192 1569 ‚
1240 1508 1293 1558 &
1339 1522 1570 1577 utraque

133 1580 416 1645 possidenti
448 1579 565 1648 ipsa
599 1579 908 1631 diversitate
940 1579 1236 1642 iucundior.
1288 1580 1417 1631 Haec
1443 1583 1561 1634 lacu

133 1654 339 1720 propius
366 1692 383 1716 ‚
425 1652 516 1704 ina
552 1651 706 1704 latius
764 1652 933 1703 utitur
968 1670 982 1702 :
1025 1651 1138 1703 haec
1177 1669 1344 1702 unum
1384 1652 1564 1706 sinum

133 1727 270 1778 molli
322 1724 633 1779 curvamine
687 1724 1063 1793 amplectitur,
1117 1723 1205 1775 illa
1257 1725 1559 1780 editissimo

134 1800 274 1852 dorso
314 1803 449 1853 duos
498 1797 698 1852 dirimit
737 1817 749 1850 :
793 1798 903 1849 illic
943 1796 1081 1848 recta
1124 1796 1341 1867 gestatio
1391 1799 1561 1869 longo

133 1872 285 1926 limite
320 1874 478 1940 super
510 1873 659 1926 littus
692 1873 1023 1932 extenditur,
1054 1869 1141 1923 hic
1166 1871 1561 1938 spatiosissimo

134 1945 275 2014 xysto
302 1947 501 1998 leviter
535 1944 856 1998 infleaitur:
884 1945 972 1997 illa
1006 1943 1194 1995 fluetus
1219 1961 1330 1995 non
1365 1945 1556 2011 sentit,

132 2017 230 2069 haec
263 2018 490 2087 frangit:
515 2035 585 2070 ex
608 2018 698 2069 illa
734 2018 909 2085 possis
946 2017 1211 2084 despicere
1253 2017 1512 2084 piscantes
1540 2060 1555 2082 ,

133 2106 188 2142 ex
225 2093 316 2144 hac
359 2093 469 2160 ipse
520 2090 709 2159 piscari
741 2129 756 2153 ,
793 2092 1115 2157 hamumque
1156 2092 1219 2141 de
1260 2091 1504 2143 cubiculo
1537 2131 1555 2156 ,

134 2180 184 2214 ac
213 2182 343 2232 pene
380 2164 543 2216 etiam
578 2166 641 2215 de
666 2161 861 2215 lectulo
884 2198 896 2220 ,
919 2178 979 2213 ut
1000 2180 1028 2214 e
1058 2163 1301 2215 navicula
1322 2202 1339 2225 ‚
1364 2163 1552 2229 jacere.

134 2237 221 2287 11ae
254 2238 384 2289 mihi
403 2237 567 2288 causae
588 2236 800 2304 utrique
822 2276 836 2298 ‚
877 2254 994 2304 quae
1032 2237 1216 2287 desunt
1236 2276 1251 2299 ‚
1287 2236 1551 2289 adstruen-

134 2309 214 2371 di,
251 2312 318 2362 ob
355 2327 414 2363 ea
452 2327 569 2378 quae
609 2309 902 2377 supersunt.
946 2311 1049 2360 Sed
1087 2308 1213 2376 quid
1251 2326 1352 2377 ego
1385 2311 1549 2362 ratio-

133 2397 244 2433 nem
273 2382 409 2445 tibi,
449 2383 588 2450 apud
627 2399 786 2451 quem
832 2398 932 2452 pro
974 2381 1180 2436 ratione
1219 2382 1322 2437 erit
1345 2421 1360 2445 ‚
1409 2383 1550 2436 idem

132 2454 324 2510 facere?
356 2457 513 2510 Vale.
