1951 3720
346 233 494 329 418
640 237 1504 309 PANEGrntcvs*

342 373 432 412 tus
468 357 682 430 egregia
711 357 1093 413 constitutione
1120 359 1452 412 fundaverat.
1493 356 1623 412 Hoc
1652 359 1799 415 ιἐιιειὸ

344 433 429 485 tui
459 435 792 504 allegandum
832 432 1046 503 putasti.
1092 436 1201 487 Cur
1231 433 1380 487 enim
1415 447 1469 486 tc
1512 432 1798 504 Principe,

345 506 442 577 qui
476 507 686 578 generis
724 507 806 559 tui
835 507 1127 560 claritatem
1155 506 1360 560 virtute
1380 506 1683 575 superasti,
1711 510 1799 562 de·

344 580 516 634 terior
543 580 672 634 effet
699 581 941 634 conditio
965 597 1190 644 eorum,
1224 580 1318 649 qui
1341 578 1588 649 posteros
1611 581 1800 635 habete

345 655 557 708 nobiles
576 669 945 719 mererentur,
975 653 1135 724 quam
1154 671 1381 718 eorum,
1419 653 1516 723 qui
1549 667 1805 723 parentes

341 726 637 781 habuissent
665 727 687 778 ἒ
727 728 783 781 Ο
810 743 864 779 te
895 727 1150 798 dignum,
1184 731 1276 798 qui
1308 729 1372 780 de
1403 723 1807 796 magistratibus

343 801 540 854 nostris
577 803 785 869 semper
818 803 933 853 haec
967 801 1221 865 nunties,
1255 817 1354 853 nec
1398 801 1588 870 poenis
1629 803 1805 854 malo·

343 890 464 927 rum
486 913 501 939 ,
539 876 628 927 sed
660 876 930 929 bonorum
957 873 1195 944 premiis
1228 875 1403 927 bonos
1439 873 1609 926 facias
1648 879 1663 928 ξ
1711 875 1802 928 Ac·

344 949 501 1000 censa
521 946 594 1000 est
623 946 925 1012 juventus,
978 949 1258 1018 erexitque
1287 947 1502 1000 animos
1533 948 1604 1000 ad
1631 964 1791 1000 aemu-

345 1023 596 1084 landum,
622 1022 769 1090 quod
786 1021 988 1075 laudaffi
1004 1021 1251 1081 videbat3
1282 1038 1379 1074 nec
1398 1019 1503 1073 fuit
1518 1021 1810 1091 quisquam

348 1111 510 1164 quem
542 1111 655 1147 non
686 1095 798 1147 haec
820 1095 1080 1166 cogitatio
1112 1095 1350 1157 subiret,
1394 1111 1564 1163 quum
1602 1094 1766 1147 sciret
1784 1135 1809 1165 ,ζ

349 1168 607 1253 quidquid
636 1184 666 1220 a
699 1185 913 1239 quoque
953 1168 1014 1221 in
1060 1167 1360 1238 provinciis
1413 1169 1553 1221 bene
1604 1167 1811 1235 fieretg

343 1242 531 1295 omnia
553 1257 607 1295 te
637 1241 787 1295 scire.
815 1243 966 1296 Utile
988 1241 1097 1307 est,
1121 1243 1325 1306 Caesar,
1346 1242 1400 1294 &
1422 1242 1656 1294 salutare
1674 1260 1804 1312 prae·

346 1314 547 1368 sidibus
567 1315 969 1385 provinciarum
986 1356 1002 1380 ‚
1023 1316 1160 1369 hanc
1180 1314 1370 1370 habere
1388 1313 1647 1368 fiduciam
1670 1354 1687 1381 ‚
1717 1333 1809 1385 pa

345 1405 520 1457 ratum
539 1388 640 1442 effe
664 1388 926 1442 sanctitati
947 1425 963 1450 ‚
997 1391 1051 1442 &
1075 1388 1338 1442 industtiae
1364 1389 1468 1441 suae
1494 1388 1807 1442 maximum

344 1462 625 1530 praemium
646 1500 661 1526 ‚
700 1462 958 1516 indicium
979 1462 1242 1531 Principis
1262 1502 1279 1529 ‚
1310 1462 1625 1532 suffragium
1655 1463 1804 1516 Prin·

348 1535 515 1604 cipis
550 1536 735 1589 Adhuc
773 1552 952 1590 autem
979 1537 1269 1606 quamlibet
1306 1534 1513 1588 sincera
1550 1535 1814 1606 testaque

345 1607 611 1680 ingenia..
638 1608 741 1662 etsi
765 1626 879 1662 non
896 1611 1293 1695 detorquebat
1310 1611 1591 1662 hebetabat
1621 1622 1809 1662 tamen

347 1683 578 1748 misera,
605 1683 694 1735 sed
710 1700 838 1736 vera
858 1683 1161 1752 reputatio:
1185 1683 1355 1737 Vides
1378 1683 1564 1747 ειιὶιιι,
1599 1683 1648 1735 si
1670 1682 1805 1752 quid

340 1757 478 1810 bene
510 1757 724 1821 fecero,
765 1756 894 1811 sciet
930 1758 1145 1810 Caesar?
1182 1771 1274 1810 aut
1309 1756 1356 1810 si
1383 1757 1612 1821 scierit,
1651 1756 1803 1810 testi·

339 1830 590 1883 monium
627 1831 847 1886 reddet?
886 1830 967 1884 Ita
1003 1832 1187 1885 eadem
1223 1830 1313 1884 illa
1342 1828 1435 1885 seu
1469 1796 1805 1902 negligentia

343 1904 440 1958 feu
460 1903 763 1975 malignitas
787 1904 1134 1974 Principum,
1174 1921 1339 1978 quum
1362 1903 1504 1958 male
1534 1904 1807 1959 consultis

341 1976 753 2116 ἲὲῗέῗῗῗές
759 1977 1517 2116 1523⁶2ftiiz¹32¹²3¹¹¹¹2¹²13²35
1499 1979 1809 2106 3223&

343 2140 379 2176 a
410 2126 581 2180 laude.
613 2126 684 2177 At
723 2142 863 2178 nunc
883 2164 899 2189 ‚
949 2125 998 2179 si
1034 2128 1170 2180 bene
1215 2125 1409 2195 aliquis
1448 2125 1805 2194 provinciam

341 2198 550 2252 rexerit
566 2237 590 2262 ,,
622 2198 748 2252 huic
788 2197 1010 2268 qua-‚sita
1046 2198 1250 2252 virtute
1279 2198 1507 2269 dignitas
1547 2198 1803 2254 offertur.

341 2269 493 2325 Patet
515 2270 661 2324 enim
686 2272 933 2326 omnibus
961 2271 1188 2325 honoris
1224 2273 1278 2325 δι
1317 2271 1503 2343 gloriae
1525 2287 1756 2343 campus
1780 2292 1799 2327 ι

341 2360 418 2397 ex
449 2346 554 2398 hoc
589 2345 811 2415 quisque
852 2347 998 2416 quod
1031 2346 1181 2415 cupit
1217 2359 1400 2415 petat,
1438 2346 1496 2399 ¹&
1533 2345 1801 2400 affecutus

342 2417 452 2472 sibi-
485 2420 687 2473 debeat.
730 2418 1037 2474 Provinciis
1078 2436 1293 2491 quoque
1327 2419 1387 2471 in
1425 2418 1710 2489 posterum
1748 2420 1800 2473 δί

280 2507 287 2513 ·
343 2491 661 2558 injuriarum
694 2505 899 2548 metum
929 2495 984 2547 δι
1011 2493 1284 2547 accusandi
1311 2494 1695 2547 necessitatem
1714 2511 1800 2547 re·

341 2565 555 2620 misisti.
597 2569 736 2619 Nam
770 2568 818 2620 si
852 2568 1187 2637 profuerint,
1237 2568 1426 2636 quibus
1450 2568 1648 2640 gratias
1669 2580 1800 2639 ege-

343 2640 492 2704 rint,
528 2641 593 2693 de
622 2643 774 2694 nullo
807 2643 963 2711 queri
997 2657 1274 2713 cogentur.
1308 2641 1373 2694 Et
1391 2641 1638 2711 alioquin
1658 2642 1801 2696 nihil

344 2714 517 2784 magis
553 2713 795 2783 prodeffe
824 2716 1102 2770 candidato
1125 2718 1190 2769 ad
1210 2712 1489 2785 sequentes
1511 2716 1797 2780 honoresg

344 2787 509 2857 quam
537 2788 798 2857 peractos.
837 2788 1065 2874 Optime
1101 2787 1428 2860 magistratus
1448 2788 1807 2859 magistratu..

344 2862 564 2916 honore
593 2863 772 2918 honor
808 2864 1032 2932 petitur.
1064 2864 1218 2920 Volo
1253 2879 1403 2935 ego
1431 2861 1527 2933 qui
1570 2861 1811 2932 provini>
