1951 3720
324 299 796 372 Tuumne
871 312 1054 371 ch
1082 312 1297 373 Tus,
1415 303 1547 401 385

148 421 513 475 transmittenda
552 421 821 491 cepissent.
866 423 996 475 Haec
1036 424 1383 476 mansuetudo
1417 425 1557 495 leg³s

148 495 386 548 veteribus
416 496 619 548 civibus
644 498 962 550 servabatur.
1003 498 1154 548 Novi
1189 498 1279 549 seu
1322 514 1417 565 per
1452 499 1558 550 La-

147 567 263 619 tium
297 569 352 620 in
380 569 651 622 civitatem
686 608 701 633 ‚
735 570 825 622 seu
861 569 1126 622 beneficio
1165 568 1424 638 Principis
1455 588 1579 623 ve-·

147 639 312 693 niffent
346 681 360 704 ‚
402 643 505 694 nisi
540 645 700 694 simul
744 643 1085 713 cognationis
1127 642 1242 708 jura
1275 643 1558 711 impetras-

145 712 242 766 sent
258 754 272 777 ,
293 716 599 768 alienissimi
630 717 949 768 habebantur
969 756 988 779 ,
1009 717 1199 784 quibus
1228 716 1559 782 conjunffls-

146 787 251 838 simi
270 789 484 843 fuerant.
517 791 596 841 Ita
636 791 931 841 maximum
961 788 1280 842 beneficium
1309 791 1577 842 verteba--⁸

144 872 215 911 tur
230 861 281 913 in
303 863 667 932 gravissimam
690 862 939 927 injuriam
959 902 974 925 ‚
999 863 1292 932 civitasque
1312 865 1573 917 Romana*
1601 920 1605 925 ,

144 932 278 986 instar
325 951 432 991 erat
478 936 641 1001 odii,
692 937 745 988 δι
791 937 1067 989 discordiae
1104 975 1119 1000 ‚
1171 937 1224 988 δι
1273 936 1517 989 orbitatis
1540 977 1558 1001 ,

145 1022 286 1076 quum
319 1010 590 1071 carissima
629 1010 856 1079 pignora
897 1011 1042 1063 salva
1079 1010 1319 1078 ipsorum
1354 1011 1558 1078 pietate

143 1079 431 1137 distraheret.
477 1082 890 1137 Inveniebantur
925 1100 1107 1136 tamen
1145 1084 1336 1151 quibus
1378 1098 1577 1138 tantus·

144 1157 540 1211 amot‘nominis
579 1157 742 1210 nostri
783 1156 969 1210 inesset
992 1195 1008 1221 ‚
1045 1170 1106 1209 ut
1143 1158 1442 1209 Romanam
1475 1157 1573 1211 ci·

144 1226 336 1282 vitatem
374 1248 486 1283 non
535 1231 811 1284 vicesimae
874 1229 1042 1283 modo
1076 1269 1091 1293 ,
1143 1230 1332 1282 verum
1391 1229 1553 1283 etiam

145 1301 422 1356 affinitatum
467 1307 666 1357 damno
714 1306 847 1357 bene
892 1303 1226 1372 compensari
1268 1317 1515 1372 putarent
1537 1325 1569 1358 :2

144 1373 217 1426 sed
246 1376 321 1429 his
360 1377 597 1432 maxim'e
633 1378 849 1431 debebat
886 1377 1125 1448 gratuita„
1147 1377 1498 1446 contingere'‚
1524 1395 1557 1430 a

144 1448 306 1515 quibus
333 1466 438 1505 tam
462 1468 661 1522 magno
685 1450 1046 1504 aestimabatur.
1074 1449 1239 1520 Igitur
1258 1464 1406 1518 pater
1428 1465 1573 1505 tuus

143 1520 292 1575 sanxit
316 1563 331 1587 ‚
359 1540 418 1577 ut
447 1527 599 1594 quod
637 1541 707 1577 ex
743 1525 925 1583 matris
962 1526 1027 1576 ad
1062 1523 1262 1576 liberos
1287 1562 1303 1586 ‚
1327 1540 1397 1575 ex
1428 1524 1558 1576 libe·

144 1609 301 1648 rorum
327 1599 498 1651 *bonis
549 1597 871 1667 pervenisset
912 1599 977 1650 ad
1022 1613 1246 1649 matrem
1282 1634 1317 1659 „
1341 1598 1554 1650 etiamsi

143 1672 498 1738 cognationum
531 1670 647 1736 iura
680 1688 793 1724 non
822 1670 1133 1739 recepissent
1156 1709 1171 1732 ‚
1210 1687 1374 1738 quum
1411 1670 1554 1723 civi-

145 1755 283 1796 tatem
311 1745 723 1814 adipiscerentur
740 1785 758 1808 ‚
780 1744 894 1810 ejus
921 1744 1235 1797 vicesimam
1260 1760 1325 1795 ne
1349 1744 1571 1799 darent.-

143 1813 364 1872 Eamdem
409 1819 807 1873 immunitatem
849 1818 907 1871 in
957 1817 1191 1888 paternis
1236 1815 1393 1870 bonis
1432 1816 1557 1871 filio

144 1890 303 1944 tribuit
332 1933 348 1957 ‚
386 1894 433 1947 si
479 1892 647 1946 modo
688 1892 930 1946 reduetus
965 1891 1093 1945 ess‘et
1140 1892 1197 1944 in
1235 1891 1400 1959 patris
1448 1909 1556 1961 po-

145 1964 387 2027 testatem3
425 1982 575 2020 ratus
607 1965 851 2035 improbe
885 1968 937 2018 δι
970 1966 1261 2019 insolenter
1283 2003 1298 2028 ‚
1324 1981 1382 2017 ac
1412 1964 1552 2033 pene

143 2033 287 2105 impie
308 2040 388 2093 his
412 2040 724 2094 nominibus
748 2040 907 2092 inseri
929 2038 1266 2108 publicanum
1282 2056 1298 2097 ·,
1313 2054 1411 2090 nec
1437 2038 1555 2092 sine

144 2109 329 2176 piaculo
385 2115 617 2183 quodam
679 2113 1035 2165 sanclissimas
1080 2109 1495 2165 necessitudines
1536 2151 1554 2177 ,

143 2182 272 2238 velut
298 2186 656 2240 intercedente
684 2186 944 2239 vicesima
966 2225 982 2250 ‚
1001 2183 1166 2238 scindi
1188 2203 1201 2236 :
1225 2187 1429 2237 nullum
1452 2185 1573 2239 effe—

143 2258 258 2310 tanti
287 2261 517 2332 vectigal
539 2300 555 2325 .
578 2261 724 2331 quod
749 2260 947 2314 liberos
986 2276 1046 2311 ac
1080 2273 1323 2330 parentes
1360 2258 1573 2314 faceret

144 2344 426 2388 extraneos.
1568 2365 1571 2370 ⁴

155 2432 170 2438 -
201 2403 576 2461 XXXVIII.
620 2405 884 2460 Hactenus
915 2405 1006 2458 ine
1048 2423 1062 2457 ε
1101 2404 1309 2475 parcius
1346 2406 1559 2461 fortaffe

142 2476 280 2559 quam
314 2482 495 2534 decuit
531 2481 800 2550 optimum
824 2480 1126 2547 Principem
1145 2518 1160 2542 ‚
1185 2481 1273 2532 sed
1301 2497 1415 2532 non
1436 2498 1563 2549 par·

142 2549 240 2603 cius
289 2554 449 2622 quam
509 2554 777 2624 optimum
830 2568 1034 2621 patrem
1067 2592 1082 2616 ,
1139 2553 1233 2622 qui
1290 2553 1567 2621 optimum

140 2625 465 2693 adoptaturus
490 2666 505 2689 ‚
537 2630 646 2679 hoc
678 2644 894 2696 quoque
933 2625 1168 2695 parentis
1206 2625 1565 2697 indulgentis-

141 2695 249 2749 simi
286 2701 412 2753 fecit
451 2740 466 2763 ‚
511 2698 655 2769 quod
696 2699 937 2753 delibasse
973 2701 1212 2770 quaedam
1250 2698 1341 2753 seu
1377 2701 1575 2772 potitis>

140 2769 496 2827 demonstr-affe
530 2789 814 2826 contentus
835 2813 851 2839 ‚
883 2776 1082 2844 largam
1100 2790 1160 2826 ac
1193 2772 1366 2843 prop'e
1395 2775 1567 2827 intac-

139 2854 235 2896 tam
254 2846 616 2901 benefaciendi
652 2847 930 2901 materiam
962 2847 1084 2902 filio
1115 2846 1425 2902 reservavit.
1447 2849 1570 2902 Sta-

140 2913 226 2969 tim
259 2936 398 2993 ergo
427 2920 639 2980 mimeti
675 2920 792 2990 ejus
827 2921 1115 2978 liberalitas
1139 2935 1241 2975 -tua
1274 2917 1528 3049 agistuxit
1550 2939 1577 2989 ‚·
