1951 3720
324 329 890 400 EptsroLAE.
931 331 1078 401 Lib.
1105 331 1278 403 VII.
1382 353 1522 427 209

101 451 229 519 quod
249 449 523 519 impendi,
557 452 675 506 data
710 455 874 521 opera
911 454 1124 506 cursore
1155 453 1383 508 dimiffo.
1424 458 1522 508 Nae

101 539 188 587 tu,
220 542 379 593 quum
414 528 519 578 hoc
563 528 756 596 legeris
777 566 792 590 ‚
827 544 939 579 non
977 542 1152 597 partes
1195 528 1364 581 libelli
1385 569 1399 592 ‚
1438 530 1530 583 sed

102 611 257 649 totum
296 600 537 652 libellum
576 600 898 669 improbabis
928 640 943 664 ‚
1001 601 1318 670 negabisque
1366 603 1531 657 ullius

102 672 241 738 pretii
275 671 379 724 effe
401 710 417 736 ‚
459 672 610 739 cuius
650 675 883 742 pretium
916 675 1230 743 reposceri&
1270 676 1429 729 Vale.

205 794 398 847 XIII.
440 794 773 847 Ptnuus
813 796 1112 847 FERocx
1153 808 1299 849 suo
1339 797 1400 851 S.

296 916 584 985 Elegantem
621 916 815 967 Ferocis
850 916 1093 984 epistolam
1116 916 1304 970 laudat.

108 995 365 1090 EADEM
406 1037 626 1107 epistola
664 1039 716 1089 δι
745 1038 946 1091 studere
983 1053 1071 1101 te,
1108 1040 1160 1090 δι
1191 1056 1303 1091 non
1325 1039 1528 1095 studere

107 1111 366 1181 significat.
421 1112 725 1181 AEnigmata
753 1114 972 1180 loquor.
1014 1114 1091 1163 Ita
1123 1112 1277 1180 plane
1306 1154 1320 1176 ,
1357 1116 1530 1169 donec

106 1185 371 1237 distinentis
428 1187 574 1253 quod
593 1185 777 1252 =sentio
815 1184 1109 1237 enuntiem.
1162 1188 1333 1255 Negat
1382 1189 1528 1240 enim

107 1273 149 1311 te
179 1260 375 1311 studere
409 1276 425 1317 ·,
465 1259 553 1310 sed
589 1258 662 1310 est
710 1274 819 1309 tam
872 1258 1043 1326 polita
1079 1297 1093 1321 ‚
1140 1275 1256 1326 quae
1290 1298 1305 1323 ,
1354 1260 1462 1312 nisi
1499 1278 1532 1315 a

106 1332 313 1385 studente
337 1372 355 1396 ,
396 1348 509 1383 non
540 1332 711 1399 potest
733 1331 887 1384 scribi
910 1351 923 1383 :
950 1346 1041 1382 aut
1063 1348 1123 1383 es
1140 1346 1199 1383 tu
1229 1333 1384 1401 super
1407 1351 1532 1385 om-

105 1423 183 1458 nes
215 1408 396 1458 beatus
417 1444 432 1469 ,
472 1404 521 1457 si
554 1405 680 1457 talia
714 1421 809 1474 per
828 1404 1083 1457 desidiam
1116 1407 1169 1458 &
1199 1407 1373 1459 otium
1404 1424 1532 1477 per-

103 1478 227 1533 ficis.
265 1481 427 1532 Vale.

159 1601 340 1655 XIV.
383 1600 716 1653 Pumus
761 1602 1180 1652 coaetus.
1222 1614 1380 1654 sua:
1418 1603 1475 1658 S.

166 1721 345 1773 Liberti
369 1718 450 1789 sui
477 1721 656 1790 saelum
687 1756 703 1781 ,
756 1723 813 1772 de
851 1741 939 1791 quo
964 1718 1114 1791 supr&
1159 1736 1220 1775 11
1246 1761 1266 1787 ,
1306 1740 1462 1775 ratum

687 1817 777 1889 effe
808 1820 933 1873 vult.

104 1902 181 1996 T
201 1957 243 1995 u
280 1941 499 2012 quidem
537 1941 912 1996 honestissime
933 1982 947 2006 ‚
984 1941 1127 2013 qubd
1151 1958 1259 1997 tam
1287 1943 1532 2014 impense

103 2013 147 2065 ὅτ
179 2033 334 2086 rogas
369 2019 422 2070 &
454 2017 626 2086 exigis
652 2057 667 2081 ,
705 2033 765 2069 ut
801 2017 970 2086 accipi
1005 2017 1211 2082 jubeam
1249 2036 1278 2071 a
1314 2033 1368 2071 te
1409 2037 1534 2088 pre-

101 2086 220 2140 tium
274 2107 523 2160 agrorum
576 2107 691 2142 non
743 2107 813 2144 ex
852 2092 1201 2161 septingentis
1254 2091 1488 2146 millibus
1515 2133 1532 2160 ‚

103 2164 267 2228 quanti
307 2164 432 2217 illos
465 2182 493 2217 a
531 2164 724 2217 liberto
762 2182 885 2218 meo
908 2205 922 2228 ‚
969 2166 1058 2218 sed
1092 2184 1163 2219 ex
1204 2167 1491 2236 nongentis
1514 2207 1535 2232 ‚

105 2238 269 2302 quanti
302 2255 332 2289 a
372 2238 667 2306 publicanis
720 2255 923 2307 partem
972 2240 1286 2292 vicesimam
1341 2240 1535 2294 emisti.

103 2307 325 2363 Invicem
360 2327 464 2381 ego
512 2312 563 2363 ὅ(
614 2329 749 2381 rogo
788 2314 842 2364 ὃ(
879 2312 1044 2382 exigo
1066 2353 1083 2376 ‚
1112 2328 1172 2366 ut
1209 2330 1321 2365 non
1358 2313 1534 2367 soliun

104 2383 214 2448 quid
258 2400 312 2437 te
333 2425 349 2447 ‚
388 2385 581 2438 versun
630 2387 790 2439 etiam
823 2386 950 2456 quid
987 2404 1072 2439 me
1103 2390 1281 2439 deceat
1308 2427 1322 2450 ‚
1358 2388 1535 2456 adspi-

102 2455 244 2518 cias;
293 2458 618 2528 patiarisque
654 2477 739 2512 me
786 2460 843 2511 in
893 2462 998 2512 hoc
1043 2478 1154 2513 uno
1195 2460 1292 2512 tibi
1342 2464 1532 2514 eodem

103 2530 265 2658 znglmo
292 2550 587 2606 repugnare
604 2572 618 2600 ,
641 2534 828 2604 quoin
848 2534 1096 2589 omnibus
1117 2533 1338 2605 obsequi
1360 2535 1533 2590 soleo,

193 2621 239 2661 e.
