1951 3720
443 324 585 422 380
645 327 1579 409 Δ,ΡΑΝιιῑ(ηἰιιετιπς·

435 450 504 502 de
537 450 930 504 foecundissima
951 466 1110 522 gente
1124 491 1140 517 ‚
1173 451 1221 505 si
1242 452 1403 505 libera
1424 451 1617 505 fuiffet:
1636 454 1810 522 pudebat

435 521 726 586 sterilitatis
757 525 989 578 insolitae
1011 563 1027 589 ‚
1059 541 1160 578 nec
1189 526 1365 579 mim'ts
1387 526 1695 585 erubescebat
1710 529 1813 581 same

437 598 543 664 qua
579 601 922 666 torquebatur
940 638 956 664 ‚
1000 616 1164 667 quum
1200 599 1396 667 pariter
1436 618 1466 652 a
1500 616 1551 652 te
1593 600 1814 655 necessita·

436 669 579 723 tibus
609 669 723 734 ejus
760 671 1059 740 pudorique
1099 673 1419 726 subventum
1457 672 1545 726 est.
1585 674 1813 741 Stupebant

431 743 683 811 ‚agricolae
713 749 869 813 plena
886 747 1076 798 horrea
1094 763 1213 814 quae
1237 764 1353 799 non
1386 747 1492 814 ipsi
1521 745 1814 810 resersiffent‚

434 817 730 886 quibusque
766 821 830 871 de
852 818 1058 886 campis
1077 819 1168 873 ina
1193 819 1439 872 subvecta
1462 819 1668 882 messis,
1689 836 1816 888 quave

435 887 497 941 in
533 890 756 960 AEgypti
787 907 936 959 parte
958 891 1094 944 alius
1134 909 1324 945 annus.
1373 894 1454 945 lta
1492 891 1727 945 beneficio
1748 907 1814 945 tuo

431 978 536 1033 nec
569 965 794 1034 benigna
819 967 977 1017 tellus
999 1003 1014 1028 ‚
1054 966 1107 1017 δι
1131 967 1432 1035 obsequens
1456 968 1608 1018 Nilus
1628 966 1814 1034 AEgypto

434 1035 649 1104 quidem
688 1038 828 1106 saepe
850 1077 865 1102 ,
901 1039 992 1090 sed
1013 1038 1197 1108 gloriae
1234 1038 1426 1092 nostrae
1462 1055 1724 1108 numquam
1740 1041 1812 1091 lat·

433 1108 560 1180 gior
597 1109 776 1165 fluxit.

432 1234 440 1239 .
507 1182 738 1237 xxxa.
780 1184 956 1251 Quam
996 1202 1138 1239 nunc
1160 1183 1313 1251 iuvat
1347 1185 1651 1255 provincias
1677 1201 1814 1238 omnes

431 1251 494 1307 in
508 1255 668 1309 fidem
687 1258 917 1311 nostram
942 1260 1314 1329 ditionemque
1336 1259 1567 1321 venisse,
1601 1258 1814 1329 postquam

427 1330 662 1401 contigit
702 1331 953 1401 Ptinceps
973 1372 989 1395 ‚
1032 1333 1127 1401 qui
1175 1349 1435 1386 terrarum
1482 1333 1815 1387 foecunditatem

430 1418 573 1462 nunc
605 1407 712 1456 lruc
747 1422 888 1457 nunc
924 1408 1053 1460 illuc
1074 1446 1092 1471 ,
1135 1422 1197 1459 ut
1237 1422 1452 1476 tempus
1497 1409 1550 1461 &
1589 1405 1815 1459 necessitas

429 1476 674 1544 posceret
694 1515 709 1539 ‚
754 1480 1059 1532 transferret
1117 1481 1444 1551 referretque
1488 1486 1500 1535 !
1546 1481 1635 1549 qui
1671 1479 1815 1532 direm-

430 1563 578 1617 ptam
617 1550 750 1602 mari
790 1567 1006 1620 gentem
1026 1592 1044 1617 ,
1073 1568 1135 1605 ut
1172 1569 1379 1622 partem
1421 1555 1647 1623 aliquam
1675 1549 1816 1620 populi

430 1623 710 1693 plebisque
750 1625 1007 1691 Romanae
1029 1665 1045 1691 ‚
1077 1629 1242 1681 aleret
1265 1645 1325 1680 ac
1348 1631 1618 1682 tueretur!
1647 1628 1701 1678 Et
1716 1627 1814 1677 coelo

429 1697 647 1765 ,quidem
691 1715 981 1767 numquam
1020 1700 1325 1770 benignitas
1362 1716 1511 1754 tanta
1534 1741 1550 1767 ‚
1589 1715 1643 1753 ut
1678 1713 1815 1751 omnes

428 1771 592 1825 simul
624 1785 787 1824 terras
813 1775 996 1825 uberet
1019 1773 1343 1843 foveatque:
1383 1775 1476 1828 hic
1513 1775 1734 1828 omnibus
1758 1786 1818 1838 pa·

427 1842 559 1903 riter
579 1884 597 1909 ‚
635 1845 683 1898 si
730 1863 843 1899 non
898 1846 1226 1900 sterilitatem
1246 1888 1264 1911 ‚
1317 1863 1373 1901 at
1410 1851 1552 1903 mala
1591 1842 1817 1900 sterilitatis

426 1921 709 1976 exturbat:
750 1921 837 1973 hic
888 1921 936 1972 si
989 1938 1102 1973 non
1152 1921 1559 1976 foecunditatem
1584 1959 1601 1985 ‚
1634 1937 1683 1973 at
1719 1922 1815 1971 bona

425 1990 793 2048 foecunditatis
835 1993 1134 2061 importat:
1173 1995 1262 2049 hic
1298 1998 1521 2049 alternis
1561 1990 1815 2049 commeati-

347 2105 350 2108 .
425 2064 523 2116 bus
564 2065 829 2134 orientem
853 2068 1294 2138 occidentemque
1330 2069 1639 2127 conneffit3
1668 2080 1814 2133 utque

427 2137 629 2206 ubique
663 2140 903 2192 feruntur
922 2179 939 2205 ‚
980 2158 1206 2210 quaeque
1251 2158 1581 2211 expetuntur
1612 2181 1631 2205 ‚
1677 2151 1815 2192 omues

425 2225 615 2279 gentes
651 2212 893 2265 invicem
926 2214 1139 2281 capiant
1169 2255 1191 2281 2
1237 2216 1290 2268 &
1323 2216 1526 2269 discant
1572 2211 1749 2285 quanto
1769 2209 1815 2261 li·

425 2283 628 2337 bertate
669 2286 898 2339 discordi
933 2288 1291 2341 servientibus
1327 2289 1398 2342 sit
1433 2289 1657 2351 uti-lius,
1694 2299 1815 2338 unum

423 2355 529 2410 effe
552 2358 638 2411 cui
675 2360 926 2413 serviant.
957 2361 1176 2429 Quippe
1200 2362 1440 2415 discretis
1481 2355 1816 2433 quidembonis

426 2432 706 2496 omnium,
747 2432 838 2485 sua
884 2433 1136 2503 cujusque
1181 2436 1247 2487 ad
1285 2435 1532 2505 singulos
1570 2435 1722 2491 mala3
1753 2429 1815 2481 s0·

425 2503 578 2562 eiatis
616 2520 793 2557 autem
828 2522 989 2575 atque
1019 2508 1340 2575 permixti&
1378 2511 1700 2580 singulorum
1718 2504 1816 2585 mal?

424 2578 492 2638 ad
528 2577 798 2631 neminem
823 2619 837 2643 ‚
879 2582 944 2632 ad
987 2597 1176 2634 omnes
1225 2582 1471 2635 omnium
1522 2585 1658 2635 hona
1698 2590 1817 2647 pem·

425 2665 574 2710 nent.
634 2653 737 2720 Sed
771 2652 893 2705 sive
942 2655 1098 2707 terris
1136 2654 1393 2707 divinitas
1435 2657 1696 2725 quaedam,
1729 2652 1814 2702 sive

424 2722 620 2793 aliquis
662 2726 904 2778 amnibus
946 2726 1173 2795 genium
1219 2729 1271 2779 δι
1301 2729 1475 2781 solum
1514 2729 1641 2780 illud
1674 2726 1718 2777 δι
1748 2722 1816 2774 flu·

424 2814 551 2866 rnen
573 2797 745 2867 ipsum
768 2816 960 2866 precor
981 2838 1000 2862 ,
1028 2816 1089 2851 ut
1111 2802 1207 2852 hac
1247 2801 1508 2871 Principis
1543 2797 1814 2868 benignitate

426 2885 738 2923 contentum
753 2911 768 2934 ‚
794 2872 949 2923 molli
972 2873 1190 2941 gremio·
1207 2874 1408 2927 semina
1424 2876 1667 2927 recondat
1684 2912 1697 2933 ‚
1718 2869 1816 2922 mul·

424 2942 661 3012 tiplicata
697 2944 952 3001 restituat.
992 2948 1126 3001 Non
1159 2947 1376 3019 quidem
1409 2948 1718 3019 reposcimus
1742 2941 1815 2995 fet·
