1951 3720
401 370 498 440 72
732 348 994 428 CA11
1061 321 1539 415 PLINi'i'

401 465 557 534 quasi
606 466 808 520 solutus
858 467 1048 519 ceteris
1091 467 1267 531 curis,
1297 465 1424 520 huic
1466 465 1564 519 uni
1606 448 1823 524 vacabat.

402 540 485 591 Ad
506 542 642 592 latus
667 541 906 593 notarius
927 557 1048 592 cum
1065 540 1203 593 libro
1226 543 1277 592 &
1299 541 1673 610 pugillaribus,
1693 532 1823 605 cusiis

403 628 591 665 manus
627 613 802 665 hieme
838 613 1058 665 manicis
1088 615 1494 676 muniebantur,
1526 628 1588 665 ut
1627 630 1693 665 ne
1714 613 1829 665 coeli

403 685 619 752 quidem
649 686 897 753 asperitas
929 689 1098 738 ullum
1138 686 1291 738 studii
1330 702 1542 754 tempus
1579 686 1823 754 eriperet:

405 774 509 824 qua
556 775 627 810 ex
662 760 809 810 causa
856 759 1043 811 Romae
1096 776 1310 828 quoque
1357 759 1481 810 sella
1534 761 1825 813 vehebatur.

405 831 616 898 Repeto
636 870 651 893 ,
684 848 770 883 me
811 848 1114 900 correptum
1157 834 1217 884 ab
1252 849 1320 884 eo
1352 849 1446 884 cur
1481 834 1827 891 ambularem·,

402 902 608 960 Poteras
631 943 645 967 ,
667 904 843 973 inquit
865 943 879 969 ,
903 907 985 956 bas
1004 908 1143 958 horas
1163 925 1259 957 non
1270 908 1491 975 Perdere.
1514 908 1653 956 Nam
1673 904 1826 973 perire

406 992 567 1028 omne
616 991 824 1045 tempus
867 978 1209 1031 arbitrabatur
1241 1017 1255 1043 ,
1302 980 1448 1047 quod
1498 977 1682 1030 studiis
1731 995 1827 1030 non

404 1048 785 1117 impertiretur.
828 1052 939 1103 Hac
971 1051 1276 1104 intentione
1315 1055 1398 1103 tot
1436 1050 1530 1103 ista
1567 1051 1828 1104 volumina

405 1123 612 1192 peregit
649 1162 664 1186 ,
721 1123 1127 1193 Elestorumque
1169 1125 1593 1177 commentarios
1631 1139 1826 1177 centum

405 1195 677 1265 sexaginta
724 1196 856 1247 mihi
900 1197 1116 1266 reliquit
1153 1236 1167 1261 ,
1229 1197 1676 1268 opisthographos
1725 1196 1828 1265 qui-

406 1269 526 1320 dem
563 1308 579 1333 ,
638 1269 691 1322 &
746 1269 1103 1323 minutissime
1154 1270 1378 1338 scriptos
1412 1310 1427 1334 ,
1477 1271 1584 1339 qua
1640 1270 1827 1323 ratione

406 1341 788 1410 multiplicatur
827 1343 914 1395 hic
951 1360 1219 1397 numerus,
1263 1344 1543 1396 Referebat
1592 1344 1703 1411 ipse
1740 1361 1828 1411 po·

407 1414 559 1466 tuiss‘e
596 1416 649 1467 se
670 1454 686 1479 ,
737 1433 910 1484 quum
937 1432 1244 1485 procuraret
1287 1417 1346 1468 in
1380 1417 1647 1485 ‘Hispania
1667 1456 1680 1481 ,
1709 1433 1828 1468 ven-

408 1490 530 1539 dere
574 1489 675 1540 hos
711 1491 1126 1543 commentarios
1173 1490 1367 1559 Lar'gio
1400 1487 1627 1542 Licinio
1665 1530 1680 1553 ,
1718 1506 1828 1559 qua-

406 1559 700 1630 dringentis
754 1562 988 1616 millibus
1055 1563 1330 1624 nummum
1368 1581 1386 1623 ;
1451 1564 1505 1615 &
1559 1579 1685 1616 tunc
1745 1562 1829 1613 ali·

407 1632 607 1702 quanto
658 1634 936 1702 pauciores
984 1654 1151 1690 erant.
1198 1638 1395 1689 Nonne
1431 1636 1650 1689 videtur
1700 1635 1788 1687 tibi
1815 1674 1828 1699 ,

409 1709 708 1760 recordanti
745 1725 1000 1777 quantum
1022 1709 1245 1779 legerit,
1271 1722 1528 1777 quantum
1553 1708 1828 1777 scripserit,

411 1797 509 1833 nec
539 1781 594 1833 in
627 1782 815 1834 officiis
845 1784 1007 1848 uuis,
1047 1800 1144 1835 nec
1182 1783 1240 1834 in
1283 1782 1518 1835 amicitia
1548 1782 1830 1851 principum

355 1855 384 1869 “’
408 1853 592 1907 fuifl'e.
582 1849 602 1894 >'
640 1856 852 1920 rursus,
889 1875 1053 1927 quum
1083 1856 1230 1910 audis
1266 1856 1396 1924 quid
1431 1855 1619 1911 studiis
1655 1854 1829 1908 laboris

411 1927 767 1996 impenderit,
792 1947 890 1982 nec
914 1930 1173 1998 scripsisse
1197 1931 1322 1982 satis
1347 1946 1444 1983 nec
1462 1929 1673 2000 legifl‘e.
1661 1933 1681 1969 >
1706 1929 1831 1996 Quid

412 2000 484 2052 est
508 2001 652 2053 enim
684 2004 829 2069 quod
858 2019 971 2055 non
993 2019 1082 2056 aut
1115 2003 1219 2055 iuae
1257 2003 1639 2086 occupationes
1676 2001 1829 2070 impe·

413 2073 559 2137 dire,
593 2088 680 2125 aut
709 2077 821 2126 haec
844 2076 1086 2129 instantia
1108 2093 1221 2129 non
1256 2077 1430 2145 possit
1460 2077 1699 2129 efficere.
1688 2077 1706 2111 ²
1739 2078 1827 2127 Ita-

414 2164 517 2215 que
548 2149 698 2199 soleo
738 2148 908 2201 ridere
929 2188 944 2212 ,
978 2167 1141 2218 quum
1181 2166 1268 2201 me
1308 2149 1522 2217 quidam
1564 2149 1828 2202 studiosum

410 2236 646 2280 vocant3
681 2220 775 2290 qui
811 2221 858 2273 si
888 2238 1162 2290 comparer
1193 2222 1308 2286 illi,
1347 2223 1462 2273 sum
1497 2220 1828 2276 desidiosissi-

413 2310 551 2345 mus.
590 2294 702 2362 Ego
727 2309 902 2346 autem
923 2296 1126 2347 rantum
1145 2335 1157 2358 ,
1194 2311 1353 2363 quem
1381 2296 1580 2363 partim
1611 2295 1826 2364 publica,

412 2366 610 2433 partim
645 2367 937 2420 amicorum
979 2368 1150 2420 officia
1198 2367 1558 2438 distringunt?
1605 2369 1736 2436 Quis
1771 2383 1828 2418 ex

414 2438 525 2490 istis
552 2478 566 2502 ,
609 2438 702 2507 qui
747 2441 860 2492 tota
902 2442 1016 2492 vita
1056 2441 1250 2493 litteris
1298 2443 1537 2494 adsident
1560 2481 1578 2506 ,
1628 2444 1828 2495 collatus

414 2511 498 2563 ini
523 2551 537 2574 ‚
581 2528 693 2564 non
729 2514 881 2581 quasi
917 2514 1107 2567 somno
1157 2515 1210 2566 δι
1244 2514 1451 2567 inertiae
1490 2516 1699 2568 deditus
1734 2530 1828 2566 eru-

412 2585 626 2638 bescat?
656 2586 893 2638 'Extendi
916 2587 1235 2655 epistolam,
1268 2588 1514 2655 quamvis
1547 2589 1654 2640 hoc
1676 2588 1827 2640 solum

416 2660 562 2726 quod
594 2659 927 2727 requirebas,
966 2661 1190 2712 scribere
1222 2660 1579 2725 destinafl‘em,
1611 2677 1742 2730 quos
1770 2657 1827 2710 li

414 2732 540 2783 bros
579 2731 884 2799 reliquifl‘et.
941 2732 1171 2785 Confido
1213 2748 1439 2798 tamen,
1474 2736 1590 2787 haec
1635 2746 1827 2804 quoque

415 2803 516 2856 tibi
550 2821 662 2856 non
697 2805 873 2857 minus
910 2821 1053 2875 grata
1083 2824 1239 2875 quam
1274 2807 1422 2875 ipsos
1444 2808 1611 2860 libros
1634 2809 1822 2860 futura
1813 2837 1826 2860 2

418 2894 538 2945 quae
553 2892 605 2929 te
629 2894 742 2929 non
759 2878 963 2930 tantum
975 2880 1040 2930 ad
1061 2881 1313 2948 legendos
1328 2897 1455 2944 eoS,
1473 2899 1662 2933 verum
1686 2879 1827 2931 etiam

416 2951 481 3000 ad
509 2949 684 3002 simile
724 2951 924 3020 aliquid
958 2953 1359 3018 elaborandum,
1401 2953 1612 3024 poffunt
1642 2951 1829 3007 aemula·

419 3021 588 3075 tionis
609 3021 833 3079 stimulis
864 3024 1115 3080 excitare.
1150 3027 1308 3084 Vale.
1731 3021 1825 3077 VI·
