1951 3720
360 365 610 432 EPIS
639 378 932 430 ToLAE.
974 362 1123 431 Lib.
1152 361 1330 432 V11.
1435 383 1566 454 223

144 486 202 538 ad
233 483 562 538 scribendum
585 483 824 536 animum
848 522 863 547 ‚
898 486 1090 535 oculos
1116 522 1131 548 ‚
1158 500 1371 536 manum
1397 483 1578 535 inten-

147 559 243 621 dit,
273 576 339 611 ne
375 575 543 610 vacua
574 574 725 610 mens
756 557 934 610 audita
974 556 1254 609 simulacra
1275 596 1290 620 ‚
1314 556 1574 610 &inanes

148 631 236 683 sibi
256 643 430 684 metus
450 631 692 701 fingeret.
724 631 891 683 Initio
908 670 923 694 ‚
950 633 1104 699 quale
1140 629 1336 699 ubique
1358 669 1372 693 ,
1410 630 1577 681 silen-

147 704 264 757 tium
295 705 472 759 noffis
509 724 528 765 ·,
565 704 753 756 deinde
801 705 1017 756 concuti
1061 704 1259 756 ferrum
1294 743 1310 767 ‚
1356 704 1575 755 vincula

147 780 375 832 moveri:
409 779 502 831 ille
539 795 655 830 non
690 779 879 830 tollere
918 779 1136 838 oculos,
1160 794 1274 829 non
1298 776 1574 829 remittere

145 849 298 903 stilum
317 892 332 915 ‚
365 853 456 904 sed
491 850 774 904 obfirmare
798 851 1064 913 animum,
1088 850 1402 918 auribusque
1437 866 1571 918 prae·

148 927 368 978 tendere:
391 941 511 978 tum
547 926 869 978 crebrescere
903 925 1082 993 fragor
1102 962 1117 988 ‚
1154 925 1438 977 adventare
1464 961 1479 985 ‚
1519 923 1573 974 ὅτ.

146 995 234 1061 jam
271 1015 329 1050 ut
364 998 426 1051 in
462 997 652 1051 limine
674 1038 690 1062 ‚
729 997 834 1063 iam
872 1014 933 1049 ut
979 999 1118 1049 intra
1156 998 1325 1050 limen
1361 996 1569 1048 audiri:

143 1070 336 1139 respicit
355 1111 370 1135 ‚
402 1072 559 1124 videt
579 1112 595 1136 ,
637 1071 983 1142 agnoscitque
1021 1088 1281 1123 narratam
1322 1069 1425 1122 sibi
1456 1070 1572 1121 effi-

147 1144 283 1212 giem.
309 1146 490 1198 Stabat
514 1145 869 1213 innuebatque
888 1145 1082 1214 digito,
1104 1143 1296 1196 similis
1315 1143 1568 1195 vocanti:

146 1216 217 1268 hic
235 1218 415 1270 contra
431 1258 446 1281 ‚
463 1234 526 1270 ut
547 1220 818 1286 paululum
840 1217 1170 1285 exspectaret
1185 1256 1200 1279 ‚
1223 1232 1381 1267 manu
1401 1216 1570 1285 signi-

147 1286 249 1343 ficat
267 1330 281 1354 ,
311 1292 594 1360 rursusque
617 1294 750 1343 ceris
775 1292 827 1343 &
851 1289 971 1343 stilo
1010 1289 1271 1342 incumbit
1294 1308 1307 1341 z
1340 1289 1433 1341 illa
1452 1289 1576 1341 scri·

147 1363 296 1417 bentis
337 1365 507 1433 capiti
544 1365 744 1417 catenis
787 1364 1097 1417 insonabat:
1137 1362 1352 1431 respicit
1394 1362 1573 1414 rursus

146 1433 266 1489 idem
296 1478 311 1502 ‚
348 1440 501 1507 quod
539 1438 687 1506 prius
720 1477 735 1501 ,
774 1437 1088 1490 innuentem
1129 1455 1146 1496 ⁶,
1186 1453 1284 1489 nec
1332 1452 1575 1488 moratus

147 1511 271 1563 tollit
295 1515 479 1565 lumen
502 1551 516 1574 ,
554 1513 607 1564 &
642 1510 893 1580 sequitur.
938 1512 1051 1563 Ibat
1083 1510 1173 1562 illa
1202 1511 1351 1562 lento
1374 1512 1534 1579 gradu
1557 1548 1572 1573 ‚

148 1585 277 1651 quasi
333 1585 517 1655 gravis
576 1583 809 1636 vinculis
849 1604 862 1636 ε
916 1584 1194 1652 postquam
1244 1582 1462 1635 deflexit
1515 1584 1572 1634 in

149 1672 299 1710 aream
319 1660 513 1713 domus
537 1698 552 1722 ‚
585 1657 805 1727 repente
828 1658 1025 1725 dilapsa
1048 1656 1239 1709 deserit
1274 1656 1528 1708 comitem
1553 1675 1570 1715 ·,

148 1731 352 1793 desertus
391 1733 584 1785 herbas
624 1733 677 1786 ὅ(
705 1731 838 1785 folia
874 1745 1159 1799 concerpta
1194 1730 1408 1799 signum
1445 1734 1572 1781 loco

146 1805 297 1872 ponit.
338 1805 560 1858 Postero
602 1806 688 1858 die
725 1806 833 1857 adit
873 1804 1199 1876 magistratus
1232 1843 1247 1868 ‚
1288 1817 1475 1856 monet
1514 1819 1576 1854 ut

148 1877 279 1931 illum
331 1883 515 1934 locum
566 1879 732 1932 effodi
772 1880 1001 1937 iubeant.
1064 1879 1418 1931 Inveniuntur
1467 1876 1575 1929 offa

147 1949 317 2009 inserta
353 1953 560 2008 catenis
611 1956 663 2007 δε
712 1952 1008 2021 implicita,
1051 1971 1167 2021 quae
1206 1969 1400 2019 corpus
1449 1968 1572 2002 aevo

146 2027 365 2113 terraque
412 2027 764 2097 putrefactum
819 2029 954 2078 nuda
996 2029 1046 2078 &
1096 2025 1250 2077 exesa
1291 2024 1577 2094 reliquerat

143 2097 394 2156 rhemis:
446 2101 670 2154 collesta
718 2099 927 2168 publice
975 2099 1342 2167 sepeliuntur:
1382 2100 1573 2151 domus

137 2172 303 2259 39⁰³?
324 2174 426 2228 rite
454 2174 690 2227 conditis
723 2174 963 2225 manibus
1006 2174 1189 2225 caruit.
1231 2173 1293 2223 Et
1317 2174 1427 2223 haec
1451 2172 1573 2240 qui-

137 2244 250 2299 dem
292 2248 671 2301 affirmantibus
727 2249 884 2299 credo
919 2266 932 2299 ι
987 2246 1115 2298 illud
1155 2247 1407 2298 affirmare
1454 2246 1574 2298 aliis

211 2318 350 2375 ffum.
395 2320 485 2374 Est
520 2321 737 2373 libertus
769 2319 903 2372 mihi
928 2337 1040 2371 non
1073 2319 1394 2372 illitteratus.
1437 2321 1573 2370 Cum

141 2386 182 2467 ⁹,
223 2396 228 2453 J
276 2397 461 2448 minor
508 2396 668 2447 frater
725 2396 915 2445 eodem
956 2394 1096 2445 lecto
1139 2392 1455 2461 quiescebat.
1524 2395 1575 2446 Is

135 2456 274 2521 sfiliis
300 2467 374 2522 est
414 2468 519 2521 sibi
539 2485 755 2521 cernere
796 2466 1115 2535 quemdam
1102 2483 1159 2517 m
1196 2482 1320 2519 toro
1345 2466 1575 2518 residen-

139 2540 273 2606 fin,
311 2545 800 2626 admoventemque
840 2540 1002 2608 capiti
1033 2541 1127 2591 suo
1159 2543 1389 2602 cultros,
1416 2555 1574 2606 atque

123 2608 287 2679 'etiam
309 2634 381 2669 ex
406 2617 525 2685 ipso
549 2615 755 2667 vertice
784 2628 1143 2683 amputantem
1182 2614 1423 2693 capillos.
1466 2612 1575 2664 Ubi

137 2672 342 2812 fiuxit,
377 2690 495 2758 ipse
517 2688 654 2741 circa
683 2691 937 2740 verticem
959 2688 1175 2749 tonsuS,
1198 2684 1407 2755 capilli
1397 2700 1574 2749 jacen·

145 2763 592 2831 oesreperiuntur.
636 2763 907 2846 Exiguum·
935 2760 1196 2830 temporis
1229 2758 1493 2820 medium,
1525 2758 1576 2808 ὃ(

139 2834 302 2887 'rursus
340 2837 521 2889 simile
560 2836 702 2887 aliud
740 2835 911 2903 priori
954 2834 1115 2886 fidem
1151 2834 1295 2886 fecit.
1344 2832 1478 2883 Puer
1519 2831 1575 2882 in

137 2910 445 2979 pedagogio
468 2909 650 2962 mistus
685 2909 925 2978 pluribus
956 2907 1284 2961 dormiebat:
1309 2921 1576 2958 venerunt

145 2994 230 3043 per
249 2982 542 3050 fenestras(
580 2983 656 3035 ita
693 2982 911 3050 narrat)
946 2981 1003 3035 in
1040 2980 1276 3104 mnicllg’
1266 2978 1396 3031 albis
1436 2980 1575 3037 duo

1263 3052 1320 3105 iv
