1951 3720
331 331 469 409 Ep
491 347 528 397 1
554 346 672 409 sy·
694 349 744 404 ο
764 344 923 405 LA.
950 328 1099 403 Lib.
1125 327 1262 403 IX.
1401 333 1532 426 263

106 452 275 505 oculos
299 490 317 515 ‚
356 450 557 522 pingue
598 451 731 507 illud
772 444 1045 520 altu‘mque
1093 450 1267 507 otium
1315 454 1540 520 placeat.

104 525 299 579 Etenim
335 542 526 576 omnes
569 524 818 579 homines
869 525 1097 581 arbitror
1144 541 1396 594 oportere
1452 541 1546 580 aut

107 597 546 657 immortalitatem
588 598 733 650 suam
766 637 782 662 ‚
832 613 922 650 aut
968 599 1350 656 mortalitatem
1390 601 1545 669 cogi·

108 686 240 732 tare3
283 674 338 727 &
391 672 517 729 illos
567 671 781 741 quidem
821 674 1144 729 contendere
1164 711 1179 735 ‚
1218 672 1395 736 eniti,
1441 674 1546 743 hos

109 745 394 815 quiescere,
438 745 679 806 remitti·,
720 763 820 806 nec
851 748 1069 803 brevem
1113 746 1284 801 vitam
1330 746 1547 800 caducis

107 818 355 870 laboribus
414 818 635 888 fatigare
674 838 688 871 :
736 835 796 873 ut
850 819 1014 877 video
1063 821 1262 875 multos
1289 857 1304 881 ,
1352 818 1546 875 misera

110 891 251 943 simul
292 893 345 944 &
394 892 604 961 ingrata
646 892 881 962 imagine
913 891 1173 951 industriae
1197 929 1213 955 ,
1258 894 1322 945 ad
1357 892 1544 945 vilita-

112 977 206 1016 tem
235 965 313 1016 sui
350 965 653 1034 pervenire.
703 968 830 1019 Haec
868 983 971 1035 ego
1004 980 1180 1023 tecum
1205 1004 1220 1028 ‚
1254 983 1368 1034 quae
1406 983 1550 1035 quo·

112 1037 224 1090 tidie
261 1056 471 1090 mecum
497 1078 510 1099 ,
537 1054 596 1090 ut
637 1040 872 1091 desinam
915 1056 1156 1102 mecum,
1197 1038 1243 1090 si
1279 1036 1549 1101 diffenties

113 1123 197 1171 ως
232 1128 555 1181 quamquam
593 1129 705 1164 non
745 1113 1013 1166 diffenties
1036 1150 1052 1175 ‚
1096 1128 1158 1163 ut
1204 1112 1296 1181 qui
1341 1113 1550 1181 semper

114 1185 291 1236 clarum
333 1186 539 1254 aliquid
564 1187 616 1238 &
646 1186 948 1247 immortale
989 1185 1283 1241 mediteris.
1319 1187 1478 1241 Vale.

217 1308 328 1360 lv.
374 1307 709 1367 Fuluus
750 1308 1138 1366 Maenium
1183 1318 1337 1388 suo
1370 1307 1427 1385 S.

121 1405 419 1477 ‚orationem
433 1440 450 1462 ‚
497 1424 632 1473 quam
667 1406 816 1466 mittit
835 1441 850 1463 ,
896 1406 947 1455 in
984 1406 1292 1465 unirersiaeate
1328 1406 1519 1476 longam
1538 1410 1543 1415 '

470 1501 558 1573 effa
581 1534 599 1560 ,
642 1502 826 1552 brevem
867 1502 914 1552 in
945 1502 1184 1571 partibus.

121 1586 467 1685 VERERER
505 1641 571 1679 ne
596 1623 938 1689 immodicam
965 1624 1271 1684 orationem
1298 1639 1510 1693 putares
1535 1631 1558 1690 ζ

117 1713 259 1766 quam
279 1715 407 1759 cum
424 1700 520 1751 hac
539 1699 758 1766 epistola
772 1698 999 1765 accipies
1021 1738 1036 1762 ,
1070 1699 1174 1757 nisi
1189 1698 1316 1756 ess‘et
1342 1699 1552 1768 generis

118 1769 219 1835 eius
239 1811 255 1836 ‚
284 1788 346 1826 ut
385 1772 522 1840 saepe
549 1773 780 1841 incipere
803 1813 817 1835 ‚
849 1772 987 1840 saepe
1023 1772 1261 1829 desinere
1291 1772 1556 1826 videatur.

119 1845 242 1899 Nam
289 1845 522 1917 singulis
575 1846 887 1904 criminibus
935 1845 1155 1917 singulae
1192 1848 1344 1900 velut
1389 1847 1556 1902 causae

120 1920 472 1976 continentur.
530 1921 739 1974 Poteris
775 1938 905 1992 ergo
926 1960 944 1984 2
979 1923 1344 1988 undecumque
1382 1920 1559 1976 incoe-

121 1993 250 2067 peris
273 2034 288 2060 ,
327 1995 655 2064 ubicumque
696 1996 915 2050 desieris
955 2033 972 2058 ‚
1028 2012 1145 2063 quae
1185 1995 1436 2062 deinceps
1473 1995 1558 2045 se-

121 2083 335 2136 quentur
357 2108 373 2131 ,
395 2069 464 2134 ,δι
500 2069 652 2137 quasi
698 2069 1012 2137 incipientia
1058 2071 1232 2138 legere
1255 2105 1273 2130 ‚
1318 2068 1370 2126 δι
1406 2066 1559 2135 quasi

121 2141 463 2206 cohaerentiaj
486 2159 678 2214 meque
699 2143 755 2194 in
783 2141 1132 2202 universitate
1152 2140 1527 2209 longissimum
1542 2176 1561 2204 ‚

123 2207 494 2270 brevissimum
532 2216 589 2268 in
626 2217 863 2284 partibus
885 2215 1137 2281 judicare.
1181 2215 1339 2272 Vale.

235 2353 240 2356 ·
292 2335 371 2390 V.
412 2335 747 2388 Punrus
786 2338 1087 2388 Tinonx
1131 2347 1277 2388 suo
1318 2336 1376 2390 S.
1430 2407 1435 2414 .

272 2456 435 2524 Hujus
458 2456 676 2524 aequitate
707 2474 817 2526 erga
842 2456 1168 2525 provinciales
1190 2457 1396 2508 laetatur.

128 2539 195 2633 E
213 2579 455 2640 GREGn'z
488 2578 618 2632 facis
644 2582 664 2647 (
686 2579 902 2647 inquiro
938 2579 1127 2645 enim)
1167 2581 1220 2632 &
1241 2579 1518 2647 persevera
1542 2617 1562 2643 ,

129 2650 262 2721 quod
291 2651 549 2722 justitiam
578 2666 724 2704 tuam
748 2653 1170 2720 provincialibus
1189 2655 1355 2712 multa
1373 2654 1563 2708 huma-

128 2725 282 2778 nitate
315 2726 658 2780 commendas
685 2745 700 2784 ·,
732 2725 880 2791 cujus
911 2727 1175 2794 praecipua
1197 2744 1315 2794 pars
1336 2727 1437 2789 est,
1461 2728 1564 2779 ho-

129 2794 481 2868 nestissimum
535 2815 799 2867 quemque
850 2799 1136 2867 complecii
1161 2838 1176 2862 ,
1227 2815 1382 2868 atque
1420 2800 1496 2861 ita
1533 2817 1566 2854 a

129 2871 424 2925 minoribus
442 2871 607 2924 amari
627 2911 642 2936 ,
667 2888 725 2922 ut
747 2873 904 2926 simul
924 2889 952 2924 a
975 2870 1302 2939 principibus
1325 2872 1562 2942 diligare.

131 2942 369 3015 Plerique
388 2961 568 3000 autem
592 2984 608 3014 ‚
630 2948 756 3006 dum
773 2960 1027 3004 verentur
1042 2980 1059 3008 ‚
1081 2962 1147 3008 ne
1167 2945 1349 3017 gratia
1368 2961 1567 3013 poten-³·
