1951 3720
529 311 660 365 IN
731 295 1194 363 LIBRUM
1263 288 1362 361 X.
1518 312 1643 390 51¹

220 410 310 462 alia
330 408 658 463 Iseiasticorum
679 427 707 464 e
730 425 924 464 numero
947 422 1185 463 exemerat
1200 448 1215 473 ,
1316 424 1448 462 orum
1469 409 1666 476 proinde

220 475 470 529 viaoribus
490 476 765 529 Iselasticum
784 511 801 536 ‚
828 477 905 528 seu
933 475 1130 542 vestiga}
1149 476 1199 527 δι
1226 424 1419 527 officum
1442 489 1469 526 a
1493 475 1663 527 civita-

227 540 349 591 tibus
371 541 530 594 deberi
550 541 796 594 desierant.

286 605 443 659 CXX.
477 606 579 656 Nec
588 606 804 673 proficere
822 624 907 672 pro
930 606 1158 654 desiderio
1187 604 1461 654 athletarum
1480 602 1659 670 potest,

220 669 346 736 qubd
373 688 525 720 eorum
551 710 566 734 ,
600 691 695 738 quae
710 672 866 737 postea
887 670 1118 735 Iselaflica
1150 687 1245 718 non
1281 669 1375 735 lege
1408 668 1625 730 constitui
1636 703 1661 728 ‚

221 753 363 800 quam
382 740 461 809 qui
479 740 660 795 ierant,
690 740 889 803 accipere
911 737 1160 785 desierunt.
1181 733 1250 785 Ita
1273 733 1457 787 Ioannis
1480 732 1541 784 de
1561 732 1665 785 Tri-

220 799 334 850 dino
370 799 484 853 liber
522 802 572 851 &
611 812 796 853 veteres
831 798 957 852 editi.
989 799 1150 851 Sensus
1171 810 1336 865 patet,
1375 797 1420 849 id
1445 797 1538 849 scil.
1567 810 1664 848 non

219 863 455 929 proficere
472 880 557 932 pro
583 862 818 917 desiderio
844 862 1132 916 Athletarum
1156 897 1172 919 ‚
1204 862 1332 930 qubd
1363 877 1527 915 eorum
1551 876 1666 913 cer-

218 929 441 980 taminum
456 965 470 989 ‚
489 946 588 998 quae
601 929 763 997 postea
779 928 1003 981 lselastica
1026 942 1119 979 non
1142 928 1229 980 ess'e
1248 926 1468 992 Traianus
1489 924 1665 979 consti-

219 996 309 1044 tuit
334 1030 349 1054 ,
376 993 566 1046 obsonia
587 995 661 1062 qui
683 995 891 1046 vicerant
922 994 1139 1060 accipere
1171 992 1445 1049 desim-unm
1486 992 1524 1043 si
1559 991 1667 1057 qui-

221 1056 365 1114 dem,
399 1059 573 1110 mutata
616 1057 889 1111 conditione
928 1059 1227 1111 certaminum
1247 1091 1264 1114 ‚
1302 1071 1395 1109 non
1429 1069 1580 1109 tamen
1604 1054 1667 1107 ab

221 1123 279 1174 iis
301 1137 351 1174 re
386 1134 565 1175 etuntur
588 1138 645 1175 ea
668 1124 852 1190 premia
868 1157 885 1178 ‚
916 1138 1017 1190 quae
1036 1120 1141 1174 ante
1164 1132 1457 1188 acceperunt.
1487 1119 1576 1172 Sed
1604 1119 1664 1172 ad

220 1202 331 1240 eum
370 1188 523 1240 ensum
544 1188 687 1240 verba
706 1187 929 1256 restingere
951 1189 1049 1239 sine
1066 1186 1189 1238 libris
1209 1200 1304 1238 non
1318 1198 1564 1240 tentamus.

289 1251 470 1305 CXXI.
507 1252 585 1303 Di
616 1253 810 1306 Iomata.
840 1252 961 1304 Vide
989 1251 1117 1318 supra
1148 1266 1228 1314 14.

288 1316 346 1366 Si
365 1272 612 1366 dissimuli
647 1336 732 1369 em.
746 1355 759 1370 .
781 1356 797 1373 .
823 1317 909 1366 hoc
926 1334 1064 1366 unam
1086 1334 1155 1365 me
1186 1316 1341 1365 debere
1363 1314 1664 1381 indulgentia

224 1397 314 1433 ενα
338 1417 353 1441 ,
419 1382 512 1431 abd
533 1383 621 1432 fre.
657 1382 699 1433 Si
720 1394 766 1435 te
795 1382 994 1434 celatum
1015 1381 1248 1435 voluiss'em
1271 1382 1366 1433 hoc
1386 1395 1477 1446 prae
1497 1381 1666 1431 ceteris

226 1460 367 1497 unum
424 1448 550 1499 eberi
575 1461 601 1497 a
619 1462 694 1500 me
714 1446 1000 1514 indulgentiae
1019 1458 1107 1498 tuae
1125 1484 1140 1509 ,
1174 1444 1304 1513 qubd
1328 1446 1426 1497 διε.
1442 1444 1629 1512 Vulgati
1650 1481 1667 1508 ,

225 1516 272 1560 si
302 1512 729 1578 dissimulaffim...
757 1513 1012 1573 hoc-unum
1038 1513 1162 1578 quod
1192 1528 1261 1559 me
1283 1510 1438 1561 debere
1460 1509 1666 1575 stiebam

228 1576 365 1624 indul
392 1580 526 1626 entt'ae
549 1589 673 1635 tue,
716 1576 839 1644 qubd
860 1577 948 1628 ἃς.
990 1575 1084 1627 Sed
1105 1576 1299 1626 verbum
1306 1574 1510 1640 fiiebam
1529 1574 1667 1642 igno-

226 1652 330 1692 rant
349 1594 483 1694 ἔσει).
501 1641 559 1693 de
581 1640 779 1694 Tridino
800 1679 815 1702 ‚
836 1642 885 1691 δι
908 1641 1049 1693 editio
1069 1641 1212 1707 prima
1236 1653 1254 1695 3
1279 1639 1330 1691 δι
1352 1638 1524 1692 vocula
1546 1638 1668 1706 qubd

227 1707 318 1757 huc
342 1707 427 1757 irre
462 1707 519 1756 sit
537 1721 564 1757 e
589 1706 720 1758 versu
741 1705 959 1772 sequenti.

339 1720 495 1838 ΧΧῨΙ.
527 1769 642 1841 Qua.
660 1789 689 1818 0
771 1775 819 1819 io
839 1784 919 1819 tuo
940 1772 1064 1821 dedi.
1088 1769 1306 1836 Quorum
1330 1764 1668 1819 concedendo-

227 1848 327 1909 rum
344 1834 617 1902 potestatem
638 1836 670 1888 ti
707 1835 916 1902 ipermisi
934 1872 949 1898 ‚
981 1849 1068 1903 pro
1089 1834 1276 1887 ratione
1293 1831 1432 1884 officii
1452 1831 1502 1883 &
1521 1830 1667 1898 digni·

228 1910 335 1951 tatis
359 1911 463 1951 tuae.

245 2106 563 2177 NOTAE
612 2105 747 2174 IN
787 2102 1652 2174 PANEGYRJCUM.

233 2291 374 2342 CAP.
388 2225 804 2342 LREPERTUS
825 2326 840 2350 ,
870 2287 1034 2337 ιῖιέἶω·
1073 2287 1135 2348 est
1156 2303 1173 2337 .·
1215 2290 1377 2355 quippe
1397 2289 1518 2336 inter
1537 2303 1670 2339 aras.

228 2356 298 2407 Ita
323 2370 428 2407 cum
459 2354 649 2422 vulgatis
687 2366 780 2405 tres
809 2353 920 2420 regii
952 2351 1146 2405 codices
1168 2385 1184 2407 ,
1255 2366 1340 2403 uos
1363 2352 1670 2403 excussimus»

229 2420 382 2472 Aliter
399 2417 623 2486 distinguit
640 2419 914 2471 Arntzenius
929 2456 944 2481 ‚
978 2433 1197 2483 repertus.
1265 2418 1404 2467 ledus
1426 2417 1489 2480 est
1506 2421 1670 2484 quippe

232 2490 357 2535 inter
378 2502 488 2534 aras
505 2519 521 2545 ,
552 2484 642 2536 &c-
856 2497 859 2500 ’
1586 2499 1605 2518 ⁰

300 2568 348 2602 2.
387 2552 509 2606 Cui,
577 2550 728 2597 vando
769 2551 867 2597 sint
898 2548 1025 2597 aHae.
1069 2545 1304 2612 Nusquam
1326 2561 1378 2595 ut
1406 2547 1491 2595 deo
1514 2578 1533 2601 ‚
1563 2545 1670 2611 nus-‘-

231 2633 370 2683 quam
422 2615 510 2666 ἃς.
572 2626 615 2665 ta
653 2628 758 2665 cum
798 2613 1031 2663 Vossiano
1074 2612 1241 2663 codice
1276 2609 1605 2662 vetustissimus
1642 2624 1673 2662 e

232 2696 284 2732 re
319 2681 387 2731 iis,
408 2679 640 2731 Mendose
661 2679 735 2729 alii
757 2677 852 2729 duo
867 2716 879 2738 ‚
913 2678 974 2727 ita
994 2688 1170 2735 tamen,
1195 2688 1244 2725 ut
1265 2674 1323 2726 ad
1349 2690 1509 2726 verum
1533 2669 1671 2730 facile

233 2694 527 2857 reffi‘iiicantur.
549 2745 759 2796 Scribant
797 2744 917 2794 enim
937 2776 952 2802 ,
983 2744 1058 2791 cui
1074 2776 1089 2801 ,
1116 2743 1298 2807 quando
1334 2745 1432 2789 sint
1454 2741 1670 2789 hat-lenus

232 2825 289 2860 ut
342 2827 412 2858 30.

301 2875 563 2941 Cogitemus
600 2873 738 2941 quam
770 2875 836 2922 sit
876 2872 1135 2939 indignum.
1188 2869 1357 2986 VoceYsL⁴
1372 2869 1567 2985 quudm
1600 2871 1678 2919 sie·

1380 2949 1393 2983 1
