1951 3720
362 289 448 361 28
676 290 943 357 CAII
1019 290 1437 358 ΡιιΝιι

550 407 739 480 Παιδραι
781 407 908 480 μὶν,
958 405 1085 468 ἀλλὰ
1104 407 1263 480 μάλα
1286 405 1495 478 λιγέως.

355 503 414 556 si
433 518 612 557 tamen
630 508 779 558 detur
808 504 1030 568 electio,
1065 505 1210 557 illam
1243 507 1545 559 orationem
1566 503 1802 560 similem

355 577 570 630 nivibus
603 578 837 631 hibernis
863 619 878 642 ‚
909 578 963 630 id
998 577 1071 630 est
1101 618 1115 642 ,
1140 581 1373 631 crebram
1394 619 1409 643 ,
1450 579 1713 633 assiduam
1748 582 1803 632 &

356 652 555 720 largam
571 690 586 715 ,
612 650 880 720 postremo
909 652 1147 704 divinam
1170 654 1222 704 &
1241 651 1509 705 coelestem
1530 655 1687 706 volo,
1728 655 1803 704 At

357 723 433 776 est
456 725 654 794 gratior
677 724 859 777 multis
880 725 1020 777 aikio
1042 726 1239 778 brevis.
1261 724 1376 784 Est·‚
1398 726 1487 778 sed
1506 725 1765 777 inertibus
1785 765 1803 790 ‚

356 813 588 865 quorum
631 797 842 850 delicias
881 798 1240 867 desidiamque
1277 838 1293 862 ,
1346 800 1498 867 quasi
1546 797 1804 863 judicium

356 870 615 937 respicere
647 870 924 923 ridiculum
961 870 1051 924 est.
1096 873 1232 923 Nam
1266 872 1313 931 si
1342 873 1443 923 hos
1482 870 1540 922 in
1568 871 1805 924 consilio

355 944 546 995 habeas
573 984 587 1007 ,
627 961 738 996 non
779 944 952 996 solum
990 945 1148 997 satius
1191 943 1264 996 est
1301 944 1537 997 breviter
1588 945 1764 997 dicere
1786 985 1802 1008 ,

354 1017 447 1068 sed
466 1017 691 1068 omnino
714 1034 826 1069 non
849 1017 1041 1071 dicere.
1076 1019 1206 1069 Haec
1242 1016 1314 1070 est
1345 1019 1511 1069 adhuc
1542 1017 1806 1070 sententia

356 1106 478 1142 mea
498 1129 513 1153 ‚
557 1107 713 1159 quam
737 1092 983 1154 mutabo,
1016 1091 1056 1143 fi
1090 1090 1381 1143 dissenseris
1406 1105 1492 1144 tu:
1519 1091 1607 1143 sed
1644 1090 1805 1159 plane

358 1178 453 1214 cur
497 1163 761 1215 dissentias
798 1203 814 1227 ‚
863 1164 1100 1232 explices
1140 1181 1296 1234 rogo,
1353 1163 1615 1229 Quamvis
1657 1164 1806 1218 enim

359 1237 545 1289 cedere
592 1236 892 1289 anaoritati
936 1252 1041 1290 tuae
1087 1239 1302 1290 debeam
1324 1275 1340 1299 ‚
1386 1236 1578 1288 rectius
1623 1251 1807 1291 tamen

359 1309 586 1362 arbitror
629 1309 687 1361 in
722 1325 864 1361 tanta
899 1317 956 1363 re
973 1350 990 1375 ‚
1033 1311 1238 1363 ratione
1276 1307 1435 1379 quam
1489 1309 1804 1364 anfion-itate

360 1382 611 1451 superari.
672 1382 898 1437 Proinde
929 1423 946 1449 ‚
1002 1385 1041 1436 fi
1083 1401 1196 1437 non
1242 1400 1413 1435 errare
1458 1382 1649 1435 videor
1683 1421 1698 1447 ‚
1750 1384 1805 1439 id

360 1454 537 1524 ipsum
577 1454 736 1524 quam
782 1459 938 1509 voles
986 1457 1138 1511 brevi
1180 1454 1399 1526 epistola
1425 1496 1440 1520 ,
1485 1456 1573 1508 sed
1624 1454 1820 1510 tamen

361 1529 528 1582 scribe
564 1549 581 1590 ·,
628 1527 968 1588 confirmabis
1017 1530 1162 1583 enim
1201 1528 1454 1595 judicium
1502 1546 1719 1583 meum:
1755 1531 1802 1582 si

360 1606 572 1667 errato,
603 1603 971 1673 longissimam
1001 1622 1143 1673 para.
1174 1605 1320 1656 Num
1349 1603 1564 1673 corrupi
1586 1619 1638 1654 te
1660 1643 1677 1669 ,
1712 1604 1805 1672 qui

363 1675 496 1739 tibi,
531 1676 577 1728 si
599 1676 732 1728 mihi
753 1675 1055 1741 accederes,
1086 1677 1266 1730 brevis
1302 1674 1535 1743 epistolae
1568 1677 1803 1729 necessi·

363 1762 556 1802 tatem·
546 1784 561 1810 ,
582 1749 631 1802 si
649 1747 970 1815 diffentires,
992 1751 1321 1821 longissimae
1344 1749 1616 1818 imposui?
1644 1751 1805 1807 Vale.

535 1864 688 1917 XXI.
728 1865 933 1919 Pun.
978 1866 1350 1919 Pii-ranno
1392 1878 1537 1918 suo
1575 1864 1633 1919 S.

447 1983 535 2032 De
561 1978 712 2049 servis
735 2013 750 2039 ‚
786 1997 899 2047 quos
932 1995 1107 2030 emerat
1140 1996 1202 2030 ex
1239 1979 1440 2031 consilio
1488 1978 1715 2034 Paterni.

366 2084 464 2178 U
481 2138 518 2176 ‘r
554 2120 720 2175 animi
751 2121 830 2173 tui
859 2119 1089 2186 judicio,
1115 2121 1192 2174 sic
1213 2124 1492 2175 oculorum
1512 2122 1806 2192 plurimum

367 2194 591 2251 tribuo·
625 2212 737 2247 ιιοιι
773 2194 899 2264 quia
921 2196 1148 2247 multum
1169 2196 1190 2262 (
1214 2212 1281 2247 ne
1315 2196 1412 2248 tibi
1447 2198 1698 2266 placeas)
1720 2200 1808 2252 sed

366 2271 490 2340 quia
510 2285 713 2322 tantum
738 2284 992 2337 quantum
1016 2283 1149 2337 ego,
1170 2267 1336 2336 sapis:
1359 2286 1682 2339 quamquam
1700 2273 1809 2326 hoe

369 2361 585 2413 quoque
616 2343 842 2393 multum
861 2341 952 2393 est.
988 2339 1257 2393 Omissis
1244 2340 1417 2405 jocis,
1443 2345 1601 2395 credo
1621 2346 1810 2399 decen·

368 2433 449 2471 tes
480 2416 586 2470 effe
624 2415 807 2467 servos
839 2415 933 2484 qui
969 2415 1088 2467 sunt
1117 2414 1285 2481 empti
1316 2414 1450 2467 mihi
1480 2432 1550 2467 ex
1568 2417 1807 2470 consilio

367 2507 464 2543 tuo
497 2509 510 2543 z
547 2488 775 2556 superest
810 2503 868 2540 ut
896 2485 1034 2559 fru‘gi
1075 2488 1220 2547 sint3
1245 2490 1389 2555 quod
1411 2490 1488 2540 ,de
1522 2493 1807 2545 venalibus

369 2563 557 2618 melius
578 2561 784 2616 auribus
807 2561 964 2630 quam
988 2561 1157 2615 oculis
1185 2559 1461 2627 judicatur.
1496 2563 1657 2620 Vale.
