1951 3720
405 253 1291 355 EP1sro'LAE.Lib.III.
1468 285 1550 357 81

144 407 255 461 Non
274 404 373 459 fuit
403 406 572 458 tanti:
601 406 732 475 quid
764 406 916 459 enim·
947 405 1085 458 mihi
1117 423 1239 459 cum
1262 421 1370 460 tam
1397 409 1558 477 longa

144 480 339 548 epistola
371 482 390 533 ἓ
431 479 624 532 Nolito
663 497 791 549 ergo
828 480 1118 533 identidem
1160 498 1392 549 quaerere
1432 483 1561 549 quid

146 554 310 606 Romae
333 569 573 623 geratur:
603 555 656 606 δι
679 568 857 606 tamen
876 568 1150 606 memento
1175 570 1288 605 non
1307 553 1407 606 effe
1432 555 1564 622 epis-

145 630 291 679 tolam
327 631 573 697 longam,
611 645 727 696 qua:
760 642 843 679 tot
876 628 988 680 dies
1010 668 1025 691 ‚
1064 642 1148 680 tot
1187 627 1527 697 cognitiones
1547 668 1563 693 ‚

147 713 217 752 tot
244 701 458 770 denique
495 716 620 754 reos
654 702 932 769 causasque
974 703 1256 769 complexa
1295 700 1384 754 sit.
1424 703 1560 768 Quae

148 774 306 825 omnia
336 776 527 826 videor
574 773 708 825 mihi
747 791 862 826 non
898 774 1076 827 minus
1118 774 1354 826 breviter
1400 774 1561 844 quam

147 848 398 917 diligenter
434 847 758 916 persecutus.
795 846 1022 901 Temer'e
1054 847 1201 911 dixi,
1238 848 1518 917 diligenter
1547 870 1563 903 ε

147 920 371 974 succurrit
411 921 558 991 quod
597 921 953 990 praeterieram
980 961 995 985 ‚
1046 922 1098 973 δι
1146 921 1359 990 quidem
1404 922 1522 977 sero
1545 940 1563 977 t

147 993 221 1046 sed
236 1034 250 1057 ,
279 1012 595 1063 quamquam
617 994 934 1064 praepostere
956 1034 972 1059 ‚
997 996 1255 1048 reddetur.
1293 996 1436 1047 Facit
1454 998 1561 1050 hoc

146 1067 388 1120 Homerus
412 1107 427 1132 ,
448 1069 711 1139 multique
745 1069 887 1120 illius
910 1070 1180 1136 exemplo.
1215 1067 1297 1119 Est
1320 1069 1563 1138 alioquin

144 1143 512 1208 perdecorum3
553 1159 584 1193 a
635 1159 722 1195 me
762 1157 942 1193 tamen
978 1158 1090 1194 non
1133 1141 1255 1193 ideo
1302 1141 1413 1194 fiet.
1479 1145 1562 1196 Ex

146 1213 331 1267 testibus
354 1215 570 1284 quidam
586 1254 601 1278 ,
622 1216 740 1268 sive
764 1215 926 1268 iratus
943 1255 958 1278 ‚
984 1216 1129 1284 quod
1157 1229 1410 1267 evocatus
1434 1216 1562 1269 effet

145 1285 322 1341 invitus
343 1328 358 1352 ‚
400 1289 520 1341 sive
557 1289 868 1342 subornatus
901 1290 962 1341 ab
998 1288 1180 1357 aliquo
1204 1305 1418 1339 reorum
1444 1329 1457 1352 ‚
1502 1307 1561 1342 ut

145 1361 510 1415 accusationem
523 1379 586 1414 ex
595 1377 818 1415 armaret
832 1402 847 1425 ‚
866 1363 1176 1414 Norbanum
1195 1361 1528 1414 Licinianum
1546 1404 1561 1426 ,

145 1435 352 1504 legatum
384 1436 438 1488 &
469 1436 846 1505 inquisitorem
865 1474 880 1499 ,
905 1453 1055 1487 reum
1076 1434 1362 1503 postulavit
1384 1476 1398 1500 ‚
1423 1451 1565 1488 tama

146 1525 283 1576 quam
313 1510 372 1561 in
403 1510 553 1578 causa
582 1508 741 1561 Castae
762 1510 783 1577 (
804 1526 945 1561 uxor
973 1512 1086 1561 haec
1119 1509 1338 1561 Classici
1362 1514 1381 1578 )
1425 1527 1560 1578 pra:-

144 1582 461 1638 varicaretur.
503 1582 588 1634 Est
619 1586 735 1653 lege
766 1598 977 1635 cautum
1006 1598 1066 1634 ut
1101 1599 1221 1634 reus
1247 1582 1369 1634 ante
1409 1601 1562 1650 pera-

146 1670 298 1723 gatur,
324 1671 453 1709 tunc
498 1657 561 1708 de
598 1657 1003 1724 praevaricatore
1036 1670 1332 1723 quaeratur3
1368 1657 1561 1713 videli-

145 1744 216 1781 cet
233 1769 246 1792 ‚
269 1730 393 1799 quia
412 1729 621 1798 optime
658 1747 729 1783 ex
753 1730 1084 1782 accusatione
1115 1729 1224 1797 ipsa
1247 1730 1563 1784 accusatoris

146 1800 255 1855 fides
277 1803 576 1856 aestimatur.
610 1804 863 1855 Norbano
884 1818 1063 1855 tamen
1096 1818 1208 1853 non
1234 1804 1367 1854 ordo
1399 1803 1531 1873 legis
1550 1843 1564 1869 ,

148 1893 242 1929 non
282 1878 444 1948 legati
485 1895 686 1930 nomen
709 1917 724 1941 ‚
761 1895 873 1929 non
912 1876 1281 1945 inquisitionis
1330 1877 1565 1930 officium

149 1951 375 2017 praesidio
410 1951 547 2005 fuit:
592 1951 737 2003 tanta
771 1950 1122 2021 conflagravit
1152 1950 1356 2003 invidia
1393 1952 1564 2004 homo

150 2024 365 2095 alioquin
403 2024 734 2095 flagitiosus,
774 2026 828 2076 δε
874 2024 1179 2076 Domitiani
1231 2025 1562 2093 temporibus

149 2098 253 2151 usus
274 2140 289 2164 ‚
323 2115 384 2153 ut
418 2099 611 2158 multi3
636 2098 933 2167 electusque
965 2114 1092 2151 tunc
1128 2116 1157 2150 a
1190 2098 1473 2166 provincia
1502 2101 1567 2153 ad

150 2169 501 2241 inquirendum
522 2213 538 2237 ,
573 2190 685 2226 non
722 2187 992 2241 tamquam
1030 2175 1201 2225 bonus
1244 2173 1296 2224 ὃ(
1336 2170 1509 2225 fidelis
1550 2213 1566 2238 ‚

149 2245 226 2297 sed
272 2262 538 2316 tamquam
587 2246 812 2299 Classici
856 2246 1123 2298 inimicus.
1182 2246 1302 2298 Erat
1351 2247 1413 2298 ab
1467 2248 1566 2299 illo

150 2321 407 2390 relegatus,
444 2319 580 2372 Dari
606 2319 707 2371 sibi
727 2319 868 2372 diem
893 2358 909 2382 ‚
943 2320 996 2371 ὅ(
1020 2320 1106 2372 edi
1138 2320 1360 2372 crimina
1394 2320 1567 2388 postu-

149 2393 286 2446 labat.
340 2396 601 2445 Neutrum
637 2392 989 2460 impetravit3
1035 2394 1246 2445 coaQus
1286 2391 1359 2445 est
1393 2393 1567 2446 statim

151 2465 446 2533 respondere
468 2486 481 2518 ε
511 2465 815 2535 respondit:
842 2467 1039 2517 malum
1064 2484 1392 2535 pravumque
1415 2467 1569 2537 inge-

151 2536 284 2590 nium
317 2539 554 2592 hominis
600 2539 726 2591 facit
766 2555 827 2590 ut
868 2540 1101 2591 dubitem
1136 2539 1466 2592 confidenter
1500 2558 1569 2595 an

153 2611 427 2664 constanter
443 2652 458 2676 ,
474 2612 617 2664 certe
634 2612 983 2682 paratissime.
1004 2613 1223 2679 objeQa
1237 2615 1356 2665 sunt
1374 2617 1539 2666 multa
1554 2654 1570 2678 ‚

155 2701 258 2751 quae
281 2686 443 2756 magis
480 2684 639 2755 quam
675 2687 1043 2754 praevaricatio
1076 2702 1385 2738 nocuerunt.
1419 2687 1569 2752 Quin

154 2756 300 2808 etiam
321 2761 425 2811 duo
445 2759 745 2812 consulares
768 2768 782 2823 ς
815 2756 1332 2827 Pomponius'Rufus
1361 2761 1412 2810 δε
1434 2760 1571 2811 Libo

154 2829 299 2899 frugi
315 2872 327 2895 ,
348 2832 594 2885 laeserunt
617 2849 740 2885 eum
771 2832 1079 2885 testimonio
1103 2873 1117 2898 ,
1141 2848 1411 2902 tamquam
1436 2834 1573 2900 apud

156 2900 364 2967 iudicem
411 2907 505 2960 sub
547 2901 865 2961 Domitiano
909 2906 1080 2961 Salvii
1121 2907 1375 2959 Liberalis
1418 2923 1570 2958 accu-

1162 2982 1214 3032 D
1240 2998 1277 3033 v
