1951 3720
309 294 457 386 >368
608 293 1474 364 PANEGrntcvs

307 412 451 468 iram
480 429 627 468 tuam
657 413 1188 485 indignationemque
1209 430 1477 468 mereatur
1492 453 1509 478 ,
1531 428 1613 466 ιιι
1636 410 1758 480 ine;

311 488 436 547 sive
477 488 734 542 interfuso
765 489 927 553 mari,
970 489 1063 541 seu
1098 488 1407 541 fluminibus
1446 487 1724 540 immensis
1738 517 1760 552 -,

311 561 408 614 seu
441 561 705 630 praecipiti
727 577 915 616 monte
936 563 1237 615 defenditur
1256 600 1273 627 ,
1297 561 1484 614 omnia
1509 563 1626 614 haec
1655 574 1762 615 tam

307 650 486 702 prom
519 650 733 704 tamque
773 635 1014 689 cedentia
1057 634 1348 688 virtutibus
1379 635 1490 687 tuis
1531 634 1762 700 sentiet,

309 723 374 760 ut
411 708 689 762 subsedisse
726 723 982 772 montes,
1021 707 1246 761 flumina
1276 707 1579 773 exaruisse,
1608 707 1765 760 inter·

309 796 529 849 ceptum
564 799 709 835 mare
738 821 755 846 ,
810 782 1089 851 illatasque
1127 780 1234 837 sibi
1269 798 1384 834 non
1434 780 1542 834 effe
1586 779 1767 834 claffes

313 853 563 919 nostras,
602 856 692 908 sed
725 870 889 908 terras
932 856 1073 924 ipsas
1114 855 1416 908 arbitretur.

387 927 569 982 xvu.
614 928 825 982 Videor
866 927 974 994 jam
1011 945 1228 982 cernere
1257 946 1371 982 non
1400 927 1593 996 spoliis
1635 944 1771 996 pro-

313 999 617 1055 vinciarum
638 1040 655 1067 ,
684 1002 738 1054 δι
762 1016 984 1055 extorto
1021 1002 1183 1055 sociis
1223 1019 1359 1055 auro
1380 1041 1397 1066 ,
1430 1002 1523 1054 sed
1557 1001 1770 1055 hostili·

309 1074 411 1127 hus
450 1075 611 1128 armis
633 1112 650 1139 ,
688 1089 1076 1145 captorumque
1115 1092 1301 1145 regum
1331 1074 1535 1128 catenis
1571 1075 1771 1128 trium·

309 1147 480 1215 phuni
499 1164 737 1219 gravem.
777 1149 988 1202 Videor
1021 1148 1260 1218 ingentia
1283 1149 1478 1202 ducum
1500 1149 1732 1201 nomina
1752 1187 1770 1213 ,

312 1235 415 1274 nec
443 1221 699 1275 indecora
722 1222 1034 1275 nominibus
1068 1238 1298 1290 corpora
1333 1221 1618 1275 noscitare.
1666 1222 1770 1274 Vi·

311 1295 446 1348 deor
468 1294 668 1349 intueri
693 1294 1030 1348 immanibus
1042 1296 1186 1348 ausis
1209 1296 1551 1348 barbarorum
1582 1294 1773 1348 onusta

309 1366 550 1433 fercula,
590 1370 643 1421 &
683 1368 774 1420 sua
804 1385 1074 1438 quemque
1107 1367 1242 1421 facta
1281 1368 1480 1420 vinetis
1524 1368 1772 1421 manibus

313 1439 659 1510 sequentem‘
645 1476 663 1502 ,
698 1426 833 1494 m'ox
855 1441 1034 1510 ipsum
1053 1455 1107 1494 te
1137 1441 1418 1495 sublimem
1454 1441 1772 1494 instantem-

313 1530 420 1583 que
444 1531 603 1569 curru
634 1514 959 1568 domitarum
983 1515 1225 1585 gentium
1257 1529 1446 1585 tergo,
1485 1531 1611 1568 ante
1652 1533 1775 1568 cur·

313 1604 434 1640 rum
457 1604 635 1642 autem
669 1590 898 1659 clypeos
916 1627 934 1653 ,
966 1606 1105 1658 quos
1141 1588 1257 1657 ipse
1297 1589 1617 1657 perfoderis.
1659 1591 1776 1643 Nec

315 1659 417 1714 tibi
453 1663 637 1732 opima
671 1662 936 1717 defuerint
954 1700 971 1726 ,
1004 1663 1052 1716 si
1090 1663 1213 1732 quis
1253 1680 1441 1733 regum
1477 1662 1677 1716 venire
1718 1663 1777 1716 in

314 1750 506 1789 manus
537 1738 763 1795 audeat3
803 1751 902 1788 nec
924 1735 1092 1790 modo
1119 1738 1351 1789 telorum
1382 1751 1604 1788 tuorum
1629 1776 1649 1802 ,
1688 1736 1781 1790 sed

315 1808 481 1862 etiarn
521 1812 804 1864 oculorum
840 1808 1212 1880 minarumque
1253 1808 1559 1877 cenidium
1576 1848 1593 1874 ,
1651 1824 1776 1866 toto

315 1897 510 1951 campo
533 1898 761 1952 totoque
779 1884 1024 1937 exercitu
1045 1883 1307 1953 opposito
1328 1924 1345 1948 ‚
1380 1885 1775 1952 perhorrescat.

315 1955 560 2009 Mei-nisti
610 1954 862 2026 proxima
919 1958 1289 2011 moderatione
1314 1996 1329 2021 ,
1376 1971 1437 2008 ut
1456 1996 1472 2021 ,
1525 1960 1775 2027 quando·

264 2067 266 2069 -
314 2045 547 2099 cumque
595 2046 650 2083 te
695 2032 784 2082 vel
831 2028 1028 2084 inferre
1069 2032 1163 2084 vel
1203 2030 1516 2099 propulsare
1567 2032 1773 2083 bellum

312 2102 555 2172 coegerit
616 2099 829 2171 imperii
886 2102 1115 2172 dignitas
1152 2143 1168 2167 ‚
1221 2120 1336 2155 non
1393 2102 1521 2156 ideo
1578 2102 1774 2158 viciffe

313 2175 551 2230 videaris
593 2191 655 2231 ut
707 2176 1103 2242 triumphares,
1144 2177 1234 2230 sed
1268 2177 1597 2246 triumphare
1648 2179 1773 2249 quia

315 2248 536 2304 viceris.

389 2322 596 2376 XVIII.
636 2323 797 2379 Aliud
829 2342 901 2379 ex
942 2322 1053 2379 alio
1094 2323 1233 2376 mihi
1274 2324 1527 2378 occurrit.
1586 2323 1769 2393 Quam

315 2396 615 2465 speciosum
652 2398 760 2460 est,
797 2400 943 2469 quod
983 2397 1316 2465 disciplinam
1358 2398 1655 2452 castrorum
1693 2401 1771 2451 la·

314 2469 904 2543 psam·exstin&amque
931 2470 1172 2524 refovisti
1188 2510 1203 2534 ‚
1224 2472 1445 2539 depulso
1469 2472 1676 2540 prioris
1699 2472 1768 2525 se·

316 2544 427 2596 culi
457 2546 631 2608 male,
656 2543 849 2598 inertia
872 2586 888 2610 ,
927 2546 981 2597 δι
1017 2544 1351 2598 contumacia
1372 2583 1388 2608 ,
1423 2545 1477 2597 δι
1515 2546 1768 2615 dedigna-

314 2617 471 2670 tione
505 2617 762 2686 parendi!
804 2620 1007 2672 Tutum
1047 2617 1122 2669 est
1156 2617 1512 2670 reverentiam
1533 2656 1550 2681 ,
1592 2632 1768 2670 tutum

318 2692 593 2744 caritatem
636 2691 828 2744 mereri
866 2710 886 2752 ·,
934 2707 1035 2744 nec
1076 2693 1268 2743 ducum
1302 2692 1589 2774 ’quisquam
1620 2730 1640 2755 ,
1679 2704 1767 2744 aut

317 2780 436 2816 non
465 2763 627 2816 amari
651 2781 680 2815 a
702 2763 999 2827 militibus,
1035 2780 1125 2816 aut
1154 2764 1317 2815 amari
1341 2763 1536 2816 timet:
1564 2765 1618 2817 &
1642 2763 1767 2816 inde

320 2835 538 2890 offensae
576 2836 860 2906 gratiaeque
901 2838 1101 2905 pati-ter
1147 2836 1315 2890 securi
1352 2836 1546 2889 instant
1581 2836 1763 2905 operi-

314 2910 456 2986 hus,
491 2910 676 2964 adsunt
708 2910 1255 2977 exercitationibus,
1293 2927 1483 2978 arma,
1521 2908 1749 2967 moenia
1741 2945 1766 2976 ⁸
