1951 3720
292 358 865 425 EPISTOLAE.
893 355 1290 426 Lib.VIII.
1398 375 1527 448 233

356 479 557 531 ficendo
580 518 595 540 ‚
626 479 876 539 arduum,
902 477 1220 529 immensum
1251 477 1410 530 etiam
1444 494 1542 530 tuo

356 593 364 615 ‚
399 568 720 620 quamquam
755 549 1015 602 altissime
1051 550 1308 619 affurgat‚
1345 553 1395 603 &
1429 569 1541 603 am-

356 645 361 676 ;
415 625 666 693 operibus
714 624 987 677 increscat.
1048 625 1353 691 Nonnullus
1398 625 1449 675 δε
1486 624 1545 674 in

356 717 379 749 r
400 737 416 758 ,
456 714 516 750 ut
539 700 750 750 barbara
775 699 827 750 &
858 698 967 749 fera
997 697 1214 748 nomina
1237 736 1250 759 ‚
1279 697 1334 748 in
1356 697 1546 764 primis

356 774 435 823 ius
457 811 472 834 ‚
506 770 716 823 Graecis
734 770 975 823 versibus
997 786 1109 821 non
1131 770 1401 821 resultent.
1442 771 1545 823 Sed

376 846 527 912 quod
568 862 679 896 non
702 858 811 895 arte
846 844 1076 911 curaque
1099 884 1112 905 ‚
1139 843 1186 894 si
1223 861 1334 895 non
1370 842 1544 911 potest

356 918 629 986 nitigetur.
686 918 941 969 Praeterea
964 957 979 980 ,
1020 916 1067 968 si
1110 920 1261 968 datur
1296 918 1542 968 Homero

356 1008 373 1043 ι
395 992 656 1043 vocabula
684 992 736 1043 &
765 989 957 1042 Graeca
980 992 1043 1041 ad
1065 990 1337 1052 lenitatem
1359 990 1545 1041 versfis

358 1082 416 1116 re
438 1104 454 1127 ‚
490 1066 774 1117 extendere
799 1104 813 1127 ,
839 1063 1108 1115 inflectere
1130 1082 1144 1122 3
1168 1080 1258 1115 cur
1281 1064 1377 1115 tibi
1399 1062 1550 1115 simi·

356 1138 451 1190 itia
470 1177 485 1200 ‚
508 1137 797 1205 praesertim
829 1154 943 1189 non
967 1138 1188 1188 delicata
1209 1176 1223 1199 ,
1248 1136 1336 1187 sed
1366 1137 1547 1188 neces·

356 1213 583 1280 egetur?
622 1210 850 1262 Proinde
886 1209 1000 1274 jure
1028 1223 1245 1272 vatum,
1279 1209 1550 1262 invocatis

404 1286 546 1335 inter
593 1285 721 1336 deos
780 1283 902 1350 ipso
928 1322 942 1345 ,
981 1281 1128 1346 cujus
1172 1299 1255 1333 res
1290 1322 1304 1345 ‚
1345 1299 1506 1350 opera
1532 1321 1551 1346 ‚

376 1357 611 1410 dic'turus
652 1374 710 1408 es
735 1395 748 1418 ‚
791 1356 1022 1408 immitte
1059 1357 1304 1407 rudentes
1328 1395 1342 1418 ,
1380 1357 1552 1423 pande

133 1468 232 1483 ma
255 1471 271 1495 ,
305 1449 365 1484 m:
388 1471 403 1494 ‚
438 1430 486 1482 si
510 1431 720 1497 quando
745 1428 873 1481 alias
895 1468 910 1491 ‚
942 1442 1063 1480 toto
1094 1429 1314 1497 ingenio
1333 1429 1552 1481 vehere.

128 1506 225 1556 Cur
256 1506 401 1557 enim
439 1520 554 1555 non
587 1520 689 1573 ego
728 1519 941 1571 quoque
963 1501 1177 1569 poetice
1201 1518 1318 1553 cum
1344 1503 1540 1569 poeta.
1527 1504 1550 1537 ²

124 1577 281 1629 Illud
268 1595 373 1643 jam
394 1594 536 1629 nunc
567 1576 838 1644 paciscor,
858 1575 1029 1643 prima
1053 1592 1276 1642 quaeque
1301 1589 1360 1626 ut
1379 1576 1553 1628 absol-

126 1651 297 1715 veris,
324 1650 568 1712 mittito,
599 1650 769 1701 immo
790 1649 951 1701 etiam
970 1663 1252 1715 antequam
1274 1648 1513 1699 absolvas
1535 1688 1552 1712 ‚

128 1724 194 1775 sic
213 1738 271 1775 ut
303 1739 461 1777 erunt
486 1722 749 1786 recentia,
783 1723 835 1774 δι
871 1721 1053 1784 rudia,
1078 1722 1130 1773 &
1165 1722 1330 1771 adhuc
1355 1720 1556 1773 similia

128 1798 465 1851 nascentibus,
504 1795 866 1864 Respondebis
900 1811 1011 1847 non
1034 1792 1181 1863 poffe
1200 1794 1417 1862 perinde
1441 1810 1556 1846 car·

127 1871 251 1938 ptim
270 1911 286 1934 ‚
316 1886 379 1924 ut
421 1885 673 1924 contexta
699 1910 713 1933 ‚
755 1869 974 1937 perinde
1017 1867 1264 1921 inchoata
1297 1871 1503 1936 placere
1539 1908 1556 1932 ‚

128 1958 181 1996 ut
212 1944 415 1998 effecta,
457 1943 604 1996 Scio,
642 1946 824 2010 Itaque
848 1943 899 1995 δι
929 1959 957 1994 a
978 1959 1062 1993 me
1085 1941 1474 1994 aestimabuntur
1494 1954 1559 1993 ut

128 2031 285 2086 coepta
308 2012 732 2085 {speciabuntur
761 2030 822 2067 ut
844 2017 1078 2067 membra
1101 2034 1118 2074 ·,
1157 2028 1558 2083 extremamque

128 2089 298 2146 limam
321 2105 470 2144 tuam
490 2091 838 2158 opperientur
859 2089 917 2140 in
936 2088 1131 2140 scrinio
1154 2087 1354 2140 nostro.
1376 2088 1560 2140 Patere

128 2165 225 2216 hoc
255 2181 343 2217 me
367 2165 523 2232 super
562 2179 735 2216 cetera
765 2163 953 2214 habere
983 2161 1181 2214 amoris
1213 2161 1291 2212 tui
1328 2162 1520 2230 pignus
1542 2200 1558 2224 ‚

131 2252 184 2288 ut
203 2255 261 2290 ea
280 2254 497 2306 quoque
516 2237 694 2290 norim
710 2276 727 2297 ‚
750 2254 866 2304 quae
896 2234 1044 2290 noffe
1071 2234 1340 2288 neminem
1369 2237 1557 2288 velles.

130 2312 188 2363 ln
230 2312 432 2365 summa
458 2351 474 2374 ‚
518 2326 713 2379 potero
761 2309 974 2362 fortaffe
1030 2308 1221 2375 scripta
1269 2322 1359 2360 rua
1391 2309 1561 2376 magis

130 2386 344 2451 probare
372 2424 387 2448 ‚
424 2386 633 2437 laudare
654 2423 669 2447 ‚
712 2381 913 2450 quanto
959 2382 1050 2433 illa
1100 2381 1296 2433 tardiiis
1333 2382 1560 2434 cautit'is-

132 2474 262 2526 que3
298 2459 389 2512 sed
424 2457 599 2525 ipsum
629 2472 682 2509 te
708 2456 873 2524 magis
910 2456 1128 2517 amabo,
1154 2455 1421 2523 magisque
1446 2457 1562 2506 lau-

49 2556 54 2576 -·
132 2531 257 2584 dabo
291 2572 309 2597 ‚
360 2529 563 2601 quanto
622 2530 843 2585 celeritas
902 2529 957 2582 &
1009 2528 1274 2582 incautii'is
1331 2527 1560 2595 miseris‚

49 2612 54 2635 ⁵
132 2603 283 2665 Vale.
