1951 3720
292 344 1239 415 EPISToLAE.Lib.VI.
1361 346 1490 440 189

97 457 309 516 XXIX.
352 461 683 515 Fuimus
727 464 1187 534 QUUADRAro
1231 479 1374 517 suo
1416 468 1473 520 S.

89 558 345 630 Quadratum
393 574 550 609 monet
604 578 737 626 quum
791 557 1002 625 Thrafeae
1046 561 1165 611 die‘lo
1203 594 1218 619 ‚
1271 578 1368 612 tum
1396 560 1491 628 suo

140 634 256 681 etiam
297 634 516 700 exemplo
540 666 555 691 ,
595 651 689 699 quae
711 666 727 692 ,
754 632 800 683 ὃ·
848 636 939 700 quiz*
973 635 1161 684 ratione
1194 633 1343 702 causa
1393 636 1495 685 siat

135 702 439 773 fitscipiendae·

94 789 388 883 Avmlus
426 827 660 894 Quietus
681 866 695 891 ,
718 827 811 896 qui
849 845 934 880 me
967 827 1125 881 unice
1162 828 1351 881 dilexit
1371 869 1385 892 ,
1412 829 1497 893 δε,

90 916 172 965 quo
215 918 325 953 non
369 901 548 953 minus
601 903 803 970 gaudeo
831 941 846 963 ‚
885 903 1136 969 probavit
1167 942 1182 965 ,
1226 918 1284 955 ut
1332 905 1500 954 multa

92 972 166 1023 alia
189 974 427 1025 Thraseae
448 976 470 1042 (
491 974 591 1025 fuit
610 974 754 1025 enim
790 974 1064 1027 familiaris
1097 978 1116 1044 )
1141 977 1213 1027 ita
1235 978 1337 1028 hoc
1363 977 1500 1043 saepe

92 1045 303 1098 referebat
341 1086 359 1110 ,
405 1047 691 1114 praecipere
739 1047 956 1099 solitum
997 1049 1346 1117 suscipiendas
1396 1048 1499 1100 effe

92 1120 229 1171 causas
273 1135 370 1171 aut
419 1119 713 1172 amicorum
751 1159 766 1183 ,
817 1135 906 1171 aut
943 1120 1209 1173 destitutas
1243 1160 1258 1184 ,
1299 1138 1387 1172 aut
1437 1123 1502 1173 ad

93 1195 368 1260 exemplum
393 1193 736 1260 pertinentes,
769 1193 875 1243 Cur
894 1193 1225 1245 amicorum?
1248 1210 1360 1245 non
1384 1207 1504 1261 eget

95 1263 521 1333 interpretatione.
560 1269 666 1317 Cur
690 1265 956 1318 destitutas
979 1269 999 1319 ἓ
1027 1265 1168 1334 quod
1189 1268 1245 1318 in
1264 1266 1369 1318 illis
1392 1283 1504 1318 ma-

93 1337 212 1389 xime
252 1340 305 1391 &
340 1338 632 1390 constantia
663 1339 866 1408 agentis
907 1341 958 1390 &
999 1340 1294 1391 humanitas
1327 1356 1507 1391 cerne-

91 1425 227 1462 retur.
255 1414 380 1463 'Cur
415 1412 743 1480 pertinentes
767 1414 828 1462 ad
852 1415 1158 1479 exemplum
1181 1417 1201 1465 ἓ
1241 1414 1364 1481 quia
1394 1415 1507 1480 plu·

88 1482 261 1535 rimi'nn
301 1486 521 1536 referret
575 1486 773 1536 bonum
816 1502 882 1535 an
917 1488 1112 1536 malum
1150 1486 1504 1538 induceretur.

93 1558 162 1606 Ad
175 1558 278 1608 haec
295 1575 399 1626 ego
420 1574 612 1626 genera
631 1558 897 1609 causarum
919 1597 933 1621 ‚
959 1558 1240 1610 ambitiose
1258 1557 1468 1610 fortaffe
1492 1597 1507 1622 ,

91 1630 254 1680 addam
286 1645 467 1682 tamen
507 1632 667 1682 claras
711 1632 763 1681 δε
792 1630 1035 1682 illustres.
1095 1631 1327 1698 AEquum
1367 1631 1512 1682 enim

91 1701 155 1753 est
180 1720 327 1772 agere
351 1720 754 1770 nonnumquam
780 1704 964 1773 gloriae
1006 1704 1058 1755 &
1087 1704 1236 1755 famae
1262 1742 1275 1765 ,
1311 1705 1364 1754 id
1404 1702 1476 1753 est
1496 1740 1513 1767 ‚

94 1775 220 1827 suam
254 1777 480 1828 causam.
543 1777 660 1828 Hos
699 1777 958 1827 terminos
981 1816 996 1838 ‚
1038 1775 1160 1844 quia
1194 1794 1281 1827 me
1330 1775 1520 1827 consu·

94 1847 215 1902 luisti
241 1890 254 1914 ‚
288 1849 538 1919 dignitati
569 1867 626 1902 ac
660 1849 993 1902 verecundia:
1025 1866 1127 1902 tuae
1165 1849 1350 1902 statuo.
1404 1851 1516 1902 Nec

96 1939 169 1974 me
189 1923 422 1991 praeterit
449 1925 598 1975 usum
624 1923 725 1975 effe
757 1925 808 1974 ὅ(
837 1922 1017 1974 haberi
1047 1923 1312 1991 optimum
1333 1923 1515 1974 dicen-

97 1995 141 2046 di
177 1997 495 2067 magistrum.
529 1997 710 2048 Video
747 1997 907 2048 etiam
939 1999 1136 2048 multos
1172 2014 1340 2064 parvo
1365 1997 1518 2064 inge-

95 2068 215 2133 nie,
258 2071 456 2123 litteris
496 2069 656 2122 nullis
683 2108 696 2132 ,
733 2085 792 2121 ut
842 2071 977 2121 bene
1012 2086 1225 2138 agerent
1255 2097 1270 2132 ς
1315 2071 1519 2137 agendo

97 2144 416 2196 consecutos.
477 2145 578 2194 Sed
615 2144 667 2193 δε
704 2143 833 2195 illud
856 2182 869 2205 ,
910 2144 1054 2210 quod
1088 2145 1176 2194 vel
1219 2143 1519 2205 Pollionis,

99 2219 174 2267 vel
198 2232 469 2285 tamquam
488 2216 749 2268 Pollionis
772 2217 979 2282 accepi,
1002 2216 1344 2268 verissimum
1362 2233 1524 2282 expe·

95 2288 196 2341 rior
219 2309 234 2342 t
269 2290 515 2342 Commod&
549 2292 727 2359 agendo
753 2291 928 2355 fastum
951 2291 1015 2351 est
1034 2324 1047 2346 ‚
1070 2307 1119 2339 ut
1148 2288 1270 2357 [αρε
1297 2307 1475 2358 agerem
1502 2306 1520 2340 .·

92 2360 204 2430 saepe
235 2367 416 2432 agendo
437 2399 454 2420 ,
478 2381 529 2413 ut
551 2364 700 2412 mimis
730 2364 981 2413 commode.
1009 2363 1151 2427 Quia
1171 2362 1367 2415 scilicet
1389 2363 1523 2415 assi-

91 2436 286 2487 duitate
313 2436 483 2488 nimia
519 2437 739 2488 facilitas
776 2436 941 2504 magis
967 2436 1126 2503 quam
1156 2437 1368 2488 facultas
1386 2477 1401 2499 ‚
1427 2453 1525 2489 nec

94 2506 280 2561 fiducia
301 2550 317 2572 ,
355 2510 441 2562 sed
466 2510 732 2561 temeritas
756 2524 982 2576 paratur.
1009 2510 1121 2560 Nec
1143 2508 1275 2562 vero
1310 2509 1528 2561 Isocrati

97 2583 381 2648 quominus
400 2584 677 2633 haberetur
695 2583 926 2633 summus
952 2596 1133 2633 orator
1152 2581 1334 2634 offecit
1349 2623 1361 2644 ‚
1385 2582 1529 2650 quod

87 2653 402 2708 infirmitate
425 2656 581 2708 vocis
604 2695 618 2718 ,
642 2655 872 2707 mollitie
894 2655 1118 2717 frontis,
1143 2672 1208 2706 ne
1233 2655 1291 2706 in
1314 2656 1529 2723 publico

96 2727 293 2781 diceret
340 2730 738 2797 impediebatur.
805 2728 1032 2779 Proinde
1080 2728 1305 2779 multum
1356 2731 1472 2796 lege
1513 2766 1529 2791 ,

94 2801 262 2853 scribe
285 2841 299 2864 ,
335 2803 584 2855 meditare
607 2842 620 2865 ‚
654 2817 712 2854 ut
741 2802 916 2869 possis
948 2818 1108 2868 quum
1140 2804 1293 2853 voles
1318 2800 1490 2851 dicere
1513 2820 1529 2853 ε

87 2875 239 2925 dices
282 2892 442 2942 quum
484 2877 625 2927 velle
678 2874 905 2926 debebis.
969 2875 1084 2926 Hoc
1121 2873 1230 2926 fere
1281 2889 1539 2939 tempera·

91 2962 342 2999 mentum
366 2948 473 3017 ipse
506 2948 731 3001 servavi.
760 2950 1175 3016 Nonnumquam
1198 2945 1537 3011 necessitati,
