1951 3720
326 273 422 368 46
639 279 903 345 CAII
974 252 1401 346 Pztivzt

323 411 406 450 tas
425 394 774 449 dissensiones
797 397 898 450 fuit
917 395 1030 450 sola
1051 396 1298 465 frequens
1319 413 1333 449 ε
1356 396 1775 465 adnotatumque

323 469 709 538 experimentis
732 510 747 533 ‚
787 468 930 539 quod
966 471 1123 523 favor
1147 470 1200 522 &
1229 469 1588 521 misericordia
1625 486 1774 523 acres

325 545 380 597 &
404 544 749 596 vehementes
770 544 980 611 primos
1005 545 1236 611 impetus
1261 543 1453 594 habent
1469 581 1483 606 ‚
1515 543 1776 610 paulatim

325 617 558 669 consilio
598 617 651 668 &
690 616 931 680 ratione,
959 617 1117 686 quasi
1150 615 1389 668 restincta
1410 655 1424 678 ,
1464 616 1772 669 considunt.

325 691 482 743 Unde
519 690 734 752 evenit,
768 705 828 741 ut
866 693 1011 759 quod
1051 691 1206 742 multi
1249 692 1480 741 clamore
1517 689 1775 758 permisto

324 777 542 815 tuentur
571 802 585 826 ‚
635 780 797 815 nemo
839 764 1133 816 tacentibus
1171 765 1359 816 ceteris
1403 764 1575 814 dicere
1612 763 1773 816 velit.

324 837 552 889 Patescit
586 836 732 888 enim
754 876 768 900 ‚
801 854 965 906 quum
996 832 1251 905 separaris
1270 853 1300 887 a
1319 837 1496 900 turba,
1534 852 1776 888 contem·

326 911 496 978 platio
521 927 697 962 rerum
720 927 836 978 quae
869 911 1019 962 rurba
1053 926 1317 980 teguntur.
1360 910 1641 961 Venerunt
1678 909 1775 978 qui

327 982 496 1035 adeffe
527 999 675 1034 erant
704 982 874 1047 jussi,
903 983 1161 1036 Vitellius
1187 985 1497 1035 Honoratus
1521 1022 1535 1047 ‚
1577 983 1630 1034 &
1661 984 1776 1034 Pla·

328 1056 452 1109 vius
485 1056 828 1116 Marcianus3
866 1074 935 1109 ex
960 1059 1149 1125 quibus
1182 1058 1494 1109 Honoratus
1520 1057 1773 1109 trecentis

328 1129 563 1182 millibus
613 1130 863 1182 exsilium
905 1131 1102 1199 equitis
1146 1130 1376 1183 Romani
1397 1169 1412 1193 ,
1464 1130 1774 1198 septemque

330 1204 623 1255 amicorum
638 1202 751 1266 eius
770 1203 1013 1256 ultimam
1031 1221 1248 1272 poenam
1261 1223 1278 1263 ·,
1293 1202 1594 1255 Marcianus
1613 1204 1774 1256 unius

329 1277 531 1344 equitis
554 1277 786 1329 Romani
816 1277 1168 1346 septingentis
1194 1277 1427 1329 millibus
1459 1279 1609 1345 plura
1647 1277 1775 1345 sup-

330 1350 493 1418 plicia
527 1353 836 1420 arguebatur
870 1351 1054 1403 emiss‘e
1074 1371 1087 1404 :
1110 1366 1221 1403 erat
1251 1351 1396 1403 enim
1427 1349 1643 1402 fustibus
1679 1367 1776 1402 cae-

333 1423 418 1475 sus
440 1463 456 1488 ,
481 1425 755 1476 damnatus
780 1425 840 1475 in
870 1426 1146 1477 metallum
1166 1464 1182 1488 ,
1215 1423 1558 1494 strangulatus
1589 1423 1648 1474 in
1670 1440 1776 1476 car·

334 1513 471 1550 cere.
515 1498 616 1549 Sed
655 1498 994 1550 Honoratum
1033 1497 1342 1568 cognitioni
1380 1498 1585 1550 senatus
1625 1514 1775 1551 mors

336 1585 640 1638 opportuna
691 1571 946 1623 subtraxit
987 1591 1001 1625 ε
1050 1571 1352 1624 Marcianus
1406 1571 1649 1623 inductus
1702 1570 1778 1624 est

337 1645 545 1696 absente
567 1644 763 1696 Prisco.
786 1646 969 1714 Itaque
987 1645 1217 1697 Tuccius
1240 1646 1470 1697 Cerealis
1484 1644 1777 1698 consularis

334 1715 450 1783 jure
468 1718 735 1770 senatorio
750 1718 1039 1785 postulavit
1053 1758 1067 1782 ,
1089 1733 1150 1771 ut
1166 1718 1370 1770 Priscus
1388 1719 1585 1771 certior
1600 1717 1778 1779 fieret3

337 1791 456 1844 sive
488 1791 612 1860 quia
642 1792 1078 1844 miserabiliorem
1098 1831 1114 1856 ,
1153 1793 1272 1844 sive
1301 1791 1425 1862 quia
1455 1792 1779 1844 invidiosio-

338 1882 452 1917 rem
481 1866 596 1918 fore
633 1866 974 1918 arbitrabatur
994 1906 1009 1929 ,
1054 1867 1100 1918 si
1139 1866 1368 1933 praesens
1402 1865 1613 1925 fuiffet3
1655 1866 1778 1919 sive

342 1938 366 2004 (
401 1942 546 2006 quod
583 1938 817 1992 maxim'e
856 1942 1015 1992 credo
1044 1938 1067 2007 )
1098 1939 1221 2007 quia
1261 1941 1625 2009 aequissimum
1664 1949 1781 1993 erat

339 2029 625 2064 commune
659 2012 863 2065 crimen
880 2014 960 2065 'ab
992 2028 1219 2081 utroque
1239 2014 1481 2076 defendi,
1505 2014 1557 2065 ὃ(
1580 2012 1626 2065 si
1644 2012 1778 2065 dilui

341 2103 453 2137 non
483 2085 764 2154 potuisset,
796 2085 855 2137 in
875 2102 1104 2154 utroque
1130 2086 1330 2154 puniri.
1372 2088 1552 2138 Dilata
1587 2104 1671 2139 res
1705 2086 1779 2138 est

340 2158 400 2211 in
435 2160 745 2227 proximum
780 2160 1018 2211 senatum
1056 2198 1072 2222 ,
1114 2159 1262 2223 cuius
1313 2160 1424 2227 ipse
1466 2159 1778 2227 conspe-stus

342 2232 737 2301 augustissimus
784 2229 901 2284 fuit.
959 2233 1210 2301 Princeps
1257 2233 1567 2301 praesidebat
1606 2233 1627 2298 (
1666 2247 1781 2287 erat

341 2307 489 2358 enim
523 2306 750 2375 consul)
795 2309 860 2359 ad
903 2306 1009 2358 hoc
1045 2307 1321 2359 Januarius
1369 2306 1567 2359 mensis
1613 2324 1778 2375 quum

343 2394 516 2443 cetera
533 2419 547 2443 ‚
567 2394 681 2431 tum
712 2379 977 2447 praecipue
996 2381 1297 2432 senatorum
1318 2380 1615 2449 frequentia
1636 2383 1779 2433 cele-

341 2453 636 2506 berrimus:
675 2468 927 2521 praeterea
958 2454 1125 2507 causae
1164 2454 1459 2521 amplitudo
1478 2494 1493 2517 ‚
1525 2454 1781 2523 austaque

344 2526 599 2579 dilatione
617 2526 942 2595 exspestatio
967 2529 1020 2580 &
1040 2529 1174 2580 sama
1191 2567 1205 2590 ,
1226 2526 1554 2596 insitumque
1585 2542 1781 2581 morta·
1803 2546 1812 2550 ·

344 2599 480 2652 libus
503 2597 727 2652 studium
758 2618 946 2671 magna
982 2601 1305 2653 &inusitata
1337 2602 1588 2654 noscendi
1612 2641 1627 2665 ,
1656 2618 1779 2653 om-

343 2690 441 2726 nes
488 2674 719 2743 undique
755 2676 1044 2727 exciverat.
1082 2675 1374 2744 Imaginare
1411 2692 1525 2744 quae
1576 2675 1776 2727 sollici-

343 2749 474 2799 tudo
510 2748 666 2800 nobis
690 2788 705 2811 ‚
745 2748 839 2817 qui
873 2763 1046 2802 metus
1066 2788 1081 2811 ‚
1117 2749 1305 2817 quibus
1341 2748 1496 2816 super
1518 2762 1661 2801 tanta
1684 2766 1741 2802 re
1761 2788 1777 2813 ‚

343 2820 405 2878 in
434 2820 531 2873 illo
563 2836 706 2873 coetu
732 2860 746 2884 ‚
783 2822 1037 2889 praesente
1065 2822 1265 2874 Caesare
1286 2861 1302 2885 ,
1333 2821 1611 2875 dicendum
1647 2836 1777 2875 erat.

346 2894 601 2963 Equidem
640 2895 698 2947 in
729 2896 910 2949 senatu
947 2912 1061 2948 non
1101 2896 1262 2952 semel
1298 2895 1385 2967 egi
1417 2915 1429 2950 :
1474 2896 1780 2966 quinimmo
