1951 3720
454 332 589 404 E'P
610 351 647 402 1
669 348 710 400 s
736 347 783 402 τ
806 349 853 401 o
879 345 926 399 L
949 351 1041 402 Α.
1068 321 1330 404 Lib.‘v.
1465 342 1610 430 ‘1'51

163 450 337 508 siderio
371 452 613 524 senatoris
634 490 649 515 ,
696 474 791 505 non
815 455 940 522 jam
957 443 1093 522 qtiasi
1138 456 1194 504 de
1223 455 1443 505 nundinis
1475 488 1489 514 ,
1528 455 1622 522 sed

163 533 293 599 quasi
333 533 394 579 de
423 531 583 600 gratia
608 564 621 588 ,
651 528 786 596 fama
804 562 819 588 ,
849 529 1081 597 dignitate
1105 529 1369 584 certantis,
1394 544 1489 578 tam
1508 545 1620 595 per·

163 605 391 653 tinaciter
411 637 425 663 ,
447 600 717 671 prasertim
745 599 982 669 insenum
1003 636 1017 659 ,
1046 617 1375 690 repugnaret:
1401 602 1622 668 alioquin

163 676 383 739 majorem
431 678 696 732 invidiam,
743 675 877 743 qucim
909 675 1126 743 proxime
1149 708 1165 735 ,
1195 674 1446 743 paffurum.
1494 675 1621 726 Erat

164 748 279 802 sane
292 747 449 817 prius
468 788 483 813 ‚
512 766 542 800 a
560 748 743 817 paucis
763 762 973 811 tamen,
1003 749 1344 800 acclamatum
1369 745 1616 800 exeunti.

162 820 450 886 Subiunxit
480 837 666 891 preces
696 823 1036 890 'multumque
1059 822 1412 890 lacrymarum
1436 840 1451 873 ε
1484 820 1618 888 quin

163 895 319 947 etiam
359 894 488 947 tota·
507 893 716 946 afflone
745 895 915 945 homo
939 891 998 945 in
1031 893 1259 946 dicendo
1291 894 1618 946 exercitatus

162 984 382 1036 operam
421 967 569 1019 dedit
591 1006 605 1030 ‚
644 980 703 1019 ut
733 965 1000 1035 deprecari
1033 966 1202 1037 magis
1231 968 1254 1035 (
1291 967 1347 1019 id
1382 968 1529 1019 enim
1563 967 1617 1019 δι

163 1038 514 1094 favorabilius
554 1041 607 1091 &
641 1038 847 1108 tutius)
887 1038 1047 1108 quam
1078 1040 1288 1092 defendi
1319 1040 1615 1094 videretur.

164 1114 455 1166 Absolutus
480 1112 555 1165 est
585 1112 845 1165 sententia
865 1112 1125 1182 designati
1156 1113 1390 1165 consulis
1410 1113 1619 1166 Afranii

162 1188 357 1239 Dextri
380 1227 397 1251 ,
438 1184 591 1250 cujus
614 1187 727 1237 haee
751 1186 953 1237 summa
979 1204 993 1239 t
1027 1186 1211 1235 Melies
1245 1187 1425 1253 quidem
1448 1188 1621 1238 Nomi·

161 1278 317 1312 natum
329 1260 482 1327 fiaiffe
495 1259 725 1326 fhflurum
741 1295 756 1315 ,
791 1260 832 1310 si
851 1256 1035 1325 causam
1069 1258 1426 1311 Vicentinornnt
1457 1262 1621 1311 eodem

161 1335 317 1385 animo
356 1352 450 1401 quo
482 1329 753 1400 susceperat
784 1330 1053 1400 per-tultffet
1073 1349 1091 1382 .·
1126 1333 1236 1400 quia
1258 1348 1412 1383 tamen
1447 1333 1497 1383 in
1531 1333 1621 1385 hoe

160 1426 298 1477 genus
344 1409 500 1475 eulpae
542 1424 636 1457 non
666 1404 841 1471 fraude
878 1404 1110 1472 incidtffet
1133 1440 1147 1463 ,
1190 1407 1396 1474 nihilque
1432 1406 1621 1476 dignum

164 1481 577 1539 animadversione
606 1478 835 1546 admisiffe
865 1479 1579 1542 convinceretur.3liberandum
1601 1514 1620 1542 ,

164 1554 232 1605 ita
264 1561 317 1605 u't
348 1552 623 1622 Vicentinis
643 1592 658 1615 ,
697 1556 822 1621 quod
848 1568 1126 1622 acceperat,
1153 1552 1388 1604 redderet.
1429 1552 1623 1613 Affen·

156 1628 344 1680 serunt
363 1643 591 1690 omnes,
623 1641 815 1694 praeter
842 1625 1087 1678 flavium
1120 1627 1339 1694 A‘prum.
1358 1628 1432 1677 ‘Is
1456 1626 1624 1679 intet-

161 1700 448 1754 dicendum
463 1700 514 1753 ei
528 1699 1001 1785 advocationibus
986 1716 1046 1753 in
1058 1699 1485 1768 quinquennium
1498 1716 1623 1753 cen·

163 1774 301 1836 suiv,
337 1775 394 1826 &
419 1773 669 1843 quamvis
706 1773 977 1826 neminem
1001 1772 1315 1825 aquritate
1346 1772 1622 1839 traxifl'e'e,

161 1846 513 1901 constanter
497 1864 556 1899 m
578 1837 838 1900 sententia
866 1846 1102 1899 mansit:
1137 1845 1269 1916 quin
1291 1845 1453 1900 etiam
1473 1847 1623 1907 Dux·

159 1936 341 1986 trum,
382 1922 481 1991 qui
509 1921 713 1989 primus
755 1921 1020 1974 diversum
1062 1921 1372 1986 censuerat,
1410 1921 1622 1989 prolata

164 1997 278 2065 lege
305 1997 372 2048 de
396 1995 585 2046 senatu
601 1995 842 2047 habendo
866 2034 881 2059 ‚
914 1993 1087 2058 iurare
1109 1994 1292 2064 coegit
1312 2011 1342 2046 e
1356 1961 1621 2062 ’Republi-

162 2084 222 2120 ω
240 2067 346 2122 effe
363 2108 378 2132 ‚
401 2070 552 2137 quod
570 2066 863 2121 censuiss‘et.
891 2068 994 2119 Cui
1017 2084 1337 2137 quamquam
1361 2068 1618 2136 legitimae

135 2141 518 2209 'postulationi
536 2181 551 2206 ,
566 2158 596 2192 a
617 2141 1283 2210 quibusdam-reclamatum
1302 2140 1392 2193 est.
1418 2142 1622 2210 Expro-

163 2215 312 2268 brare
345 2216 499 2268 enim
533 2214 769 2268 censenti
800 2214 1151 2267 ambitionem
1179 2215 1473 2268 videbatur.
1517 2215 1622 2268 Sed

163 2290 477 2357 priusquam
516 2287 790 2341 sententiae
826 2289 1132 2341 dicerentur
1150 2327 1164 2350 ,
1197 2288 1454 2357 Nigrinus
1491 2280 1624 2357 'ri-if

161 2362 338 2415 hunus
376 2362 548 2431 plebis
584 2361 833 2414 recitavit
868 2362 1109 2414 libellum
1141 2361 1389 2413 disertum
1424 2362 1477 2414 &
1508 2378 1626 2432 gra·

162 2451 290 2488 vem
313 2475 330 2500 ,
352 2452 467 2504 quo
493 2435 700 2504 questus
731 2434 804 2488 est
824 2435 1029 2487 vaenire
1053 2435 1433 2487 advocationes
1457 2474 1474 2497 ,
1512 2453 1624 2488 vae·

163 2508 279 2561 nire
323 2511 491 2560 etiam
536 2508 1003 2577 praevaricationes
1035 2527 1049 2561 ε
1088 2507 1147 2559 in
1182 2508 1306 2560 lites
1347 2508 1523 2568 coiri;
1563 2508 1619 2561 δε

164 2582 353 2651 gloriae
396 2584 523 2633 loco
555 2583 690 2650 poni
726 2599 796 2634 ex
836 2582 1025 2651 spoliis
1061 2580 1266 2633 civium
1301 2597 1524 2651 magnos
1565 2578 1623 2634 &

162 2654 326 2707 statos
352 2654 577 2709 reditus.
611 2654 884 2708 Recitavit
902 2654 1074 2724 capita
1093 2657 1271 2724 legum
1293 2694 1309 2718 ‚
1339 2656 1623 2707 admonuit

161 2729 608 2780 senatusconsulti
635 2748 649 2781 :
685 2728 741 2779 in
775 2727 883 2780 fine
903 2728 1043 2781 dixit
1062 2730 1351 2796 petendum
1375 2729 1436 2779 ab
1467 2727 1619 2796 opti·-

163 2819 256 2854 mo
299 2802 551 2869 Principe
576 2843 590 2865 ,
628 2810 690 2854 ut
732 2804 855 2869 quia
885 2805 1031 2872 leges
1055 2843 1071 2867 ‚
1107 2802 1234 2870 quia
1276 2801 1619 2854 senatuscon-

161 2875 300 2937 sulta
331 2890 804 2928 contemnerentur
824 2917 838 2940 ,
873 2876 986 2944 ipse
1011 2877 1173 2928 tantis
1195 2874 1350 2927 vitiis
1376 2875 1616 2927 medere-

161 2962 270 3004 tur.
312 2948 477 3002 Pauci
509 2949 654 3013 dies,
690 2949 741 3003 &
781 2949 915 3003 liber
957 2949 1219 3020 Principis
1256 2949 1471 3003 severus
1499 2988 1517 3015 ,
1561 2947 1617 3001 ἃ

1218 3020 1272 3076 G
1291 3020 1351 3075 iv
