1951 3720
373 282 511 354 226
684 280 949 349 CAII
1028 280 1455 350 ΡιιΝιι

366 404 504 464 meis
553 405 670 475 post
705 408 929 475 longum
968 417 1181 472 tempus
1223 403 1318 456 suo
1358 402 1475 467 jure
1511 403 1793 460 abutu'nfflr,

365 482 526 535 Instat
577 481 629 532 &
669 479 955 532 necessitas
1007 495 1255 547 agrorum
1294 479 1645 529 locandorum
1685 496 1793 547 per-

364 572 528 625 quam
553 553 770 607 molesta
795 573 808 607 z
849 555 983 605 adeo
1017 565 1195 604 rarum
1218 550 1292 603 est
1317 551 1562 603 inuenire
1578 551 1793 608 idoneos

370 630 745 682 conductores,
795 627 1004 693 Quibus
1035 625 1301 679 ex·causis
1320 623 1568 692 precario
1592 624 1791 679 studeo:

371 703 552 755 studeo
578 719 773 754 tamen.
809 703 946 753 Nam
981 702 1032 751 ὅ(
1054 699 1223 753 scribo
1244 699 1444 766 aliquid
1465 700 1517 751 &
1540 701 1660 767 lego
1681 719 1693 752 ε
1719 700 1795 751 sed

368 794 536 846 quum
565 778 689 846 lego
715 814 729 836 ‚
770 792 839 827 ex
857 772 1258 843 comparatione
1277 771 1457 824 sentio
1483 770 1641 841 quam
1671 771 1792 827 male

368 851 633 908 scribam·‚
671 848 798 901 licet
841 864 901 900 tu
941 848 1076 900 mihi
1112 849 1316 899 bonum
1348 845 1588 898 animum
1618 846 1795 911 facias,

368 924 466 993 ’qui
502 923 712 975 libellos
749 940 901 975 meos
936 924 1000 975 de
1028 922 1237 974 ultione
1261 918 1507 972 Helvidii
1527 959 1542 982 ,
1577 919 1800 973 orationi

367 996 750 1051 Demosthenis
787 995 935 1057 κατὰ
963 993 1151 1055 Μηδία
1187 995 1395 1047 confers
1423 1014 1441 1047 τ
1472 1010 1634 1063 quam
1655 992 1798 1057 sane,

370 1098 535 1150 quum
555 1096 936 1148 componerem
959 1077 1084 1130 illos
1101 1117 1115 1140 ,
1135 1078 1291 1129 habui
1314 1075 1372 1128 in
1391 1075 1635 1128 manibus
1656 1115 1671 1139 ‚
1701 1091 1801 1127 non

367 1168 428 1205 ut
448 1155 718 1206 aemularer
741 1153 762 1219 (
781 1153 1084 1221 improbum
1106 1149 1254 1203 enim
1277 1167 1337 1202 ac
1356 1150 1493 1219 pene
1512 1148 1800 1215 furiosum)

367 1229 458 1281 sed
487 1242 666 1280 tamen
684 1225 921 1278 imitarer
942 1227 995 1277 &t
1015 1226 1260 1294 sequerer
1277 1265 1294 1289 ‚
1334 1237 1591 1294 quantum
1628 1237 1716 1275 aut
1737 1221 1802 1273 di·

368 1300 595 1354 versitas
639 1300 980 1369 ingeniorum
1002 1339 1018 1364 ,
1054 1298 1278 1351 maximi
1318 1298 1370 1351 δι
1408 1293 1629 1350 'minimi
1662 1337 1679 1363 ,
1726 1309 1803 1349 aut

368 1376 533 1446 causae
573 1374 962 1444 dissimilitudo·
993 1387 1293 1443 pateretun
1324 1373 1480 1442 Vale.
1546 1441 1558 1452 ⁶

373 1545 378 1550 .
427 1496 672 1550 XXXI.
710 1475 1044 1570 Fuimus
1086 1463 1469 1545 Colum-ro·
1506 1505 1654 1546 suo
1695 1494 1753 1547 S.

629 1615 875 1668 Claudium
914 1589 1193 1666 Pollionem
1242 1616 1552 1667 commendat.

372 1700 459 1795 C
479 1755 511 1793 ι
528 1753 568 1791 A
584 1752 628 1792 u
644 1752 687 1789 D
705 1753 728 1789 1
745 1751 789 1791 u
807 1751 833 1789 s
853 1738 1033 1789 Pollio
1065 1736 1233 1792 amari
1256 1754 1285 1789 a
1316 1753 1367 1790 te
1399 1739 1548 1807 cupit
1571 1756 1589 1798 ·,
1620 1738 1806 1811 dignus

364 1811 469 1866 hoc
502 1814 618 1883 ipso
656 1809 803 1882 quod
830 1811 1008 1880 cupit,
1048 1811 1235 1865 deinde
1278 1811 1422 1882 quod
1459 1813 1574 1883 ipse
1599 1827 1652 1866 te
1692 1814 1809 1867 dili-

364 1887 444 1955 ‘git
466 1889 485 1955 (
506 1903 679 1956 neque
711 1888 855 1940 enim
877 1885 992 1938 fere
1009 1885 1287 1955 quisquam
1311 1887 1483 1957 exigit
1503 1887 1636 1940 istud
1655 1928 1671 1951 ,
1708 1888 1811 1940 nisi

364 1960 460 2028 qui
490 1961 614 2013 facit
640 1960 662 2026 )
692 1960 779 2011 vir
798 1956 1043 2029 alioquin
1066 1959 1238 2012 rectus
1255 2000 1270 2023 ‚
1297 1960 1531 2031 integer,
1550 1961 1811 2033 quietus}

363 2050 426 2105 ac
463 2051 599 2102 pene
635 2037 772 2103 ultra
807 2035 1028 2107 modum
1061 2033 1292 2102 (siquis
1328 2050 1506 2103 tamen
1527 2039 1669 2088 ultra
1693 2053 1813 2087 mo·

362 2108 487 2180 plum
508 2109 530 2176 )
565 2110 914 2179 verecundus,
955 2108 1112 2159 Hunc
1134 2147 1149 2170 ‚
1175 2124 1337 2175 quum
1367 2109 1528 2161 simul
1552 2108 1813 2161 militare·

362 2194 482 2233 mus
506 2220 521 2245 ‚
557 2197 668 2233 non
694 2181 864 2233 solum
894 2196 954 2232 ut
986 2180 1289 2233 commilito
1310 2181 1538 2250 inspexi.
1586 2183 1813 2236 Praeerat

362 2255 458 2306 alae
511 2254 800 2308 milliar-iae.
873 2255 997 2325 Ego·
1032 2253 1192 2320 jussus
1245 2273 1276 2307 a
1325 2257 1503 2325 legato
1545 2255 1814 2309 consulari
1886 2286 1887 2295 κ

359 2328 597 2381 rationes
624 2330 824 2381 alarum
861 2329 916 2380 ὅ(
943 2328 1251 2381 cohortium
1275 2345 1524 2382 excutere
1544 2369 1560 2390 ,
1599 2345 1664 2382 ut
1705 2347 1814 2383 ma-
1886 2332 1887 2345 ¹

362 2398 520 2471 gnam
544 2404 893 2471 quorumdam
922 2396 1226 2470 foedamque
1258 2402 1536 2455 avaritiam
1559 2442 1576 2467 ‚
1622 2404 1681 2456 &
1721 2421 1814 2456 ne-

360 2475 669 2546 gligentiam
710 2492 891 2545 parem
930 2515 947 2541 ,
989 2476 1064 2528 ita
1099 2475 1256 2542 hujus
1290 2477 1548 2529 summam
1584 2477 1815 2548 integri*
1886 2516 1887 2529 ¹

357 2563 525 2603 tatem
565 2589 585 2615 ,
637 2550 922 2604 sollicitam
950 2549 1303 2618 ‚diligentiam
1355 2551 1567 2604 inveni.
1625 2551 1814 2605 Postea

357 2638 641 2692 promotus
676 2626 740 2676 ad
769 2624 1124 2694 amplissimas
1165 2624 1570 2692 procurationes
1597 2664 1612 2688 ‚
1667 2625 1815 2678 nulla

358 2697 641 2750 occasione
671 2713 955 2768 corruptus
981 2700 1042 2750 ab
1073 2697 1242 2752 insito
1278 2698 1601 2752 abstinentiae
1623 2712 1814 2753 more

357 2771 580 2824 defle-xit
602 2791 622 2832 3
665 2788 958 2842 numquam
1015 2773 1256 2826 secundis
1310 2775 1462 2827 rebus
1505 2773 1773 2826 intumuit
1798 2812 1813 2837 ‚
1886 2798 1887 2801 ¹

355 2861 648 2914 numquam
688 2846 994 2900 officiorum
1035 2847 1295 2900 varietate
1333 2848 1653 2900 continuam
1687 2852 1802 2900 lau·

357 2920 477 2971 dem
518 2920 861 2975 humanitatis
900 2921 1115 2991 infregit
1155 2939 1174 2974 t
1215 2924 1507 2992 eademque
1549 2921 1816 2975 firmitate
