1951 3720
352 256 496 338 '400
640 249 1481 320 P'A'Nzorfltctss

344 369 530 423 tudine
577 386 858 439 corruptos
905 372 1325 440 depravatosque
1366 387 1549 424 mores
1587 368 1791 439 princi«

347 444 501 512 patus
534 443 726 497 Parens
758 444 934 499 noster
968 445 1222 498 reformet
1255 447 1309 498 δι
1344 444 1579 515 corrigat
1610 464 1625 497 ε
1661 445 1794 498 alio-

348 516 481 585 quin
512 517 645 570 nihil
681 535 794 570 non
831 534 1018 586 parum
1060 517 1202 587 grate
1234 519 1351 571 sine
1388 517 1792 586 comparatione

346 591 603 644 laudatur.
648 591 906 645 Preterea
942 592 1050 644 hoc
1089 591 1321 659 primum
1356 606 1481 660 erga
1527 591 1798 659 optimum·

346 661 730 732 imperatorem
760 665 981 733 piorum·
1011 665 1215 717 civium
1247 663 1483 716 officium
1523 664 1601 716 est
1619 702 1636 726 ,
1657 663 1797 716 insen

348 737 446 805 qui
480 738 782 792 dissimiles,
807 740 1002 807 Neque·
1028 738 1173 790 enim
1211 738 1335 790 satis
1364 736 1609 789 amarint*
1626 739 1794 789 bonos

348 809 659 896 Principes,
680 812 773 879 qui
803 815 973 864 malos
1012 812 1136 864 satis
1172 827 1287 864 non
1317 810 1551 862 oderint.
1573 808 1798 874 Adjice,

350 882 501 952 quod
529 885 867 953 imperatoris
898 884 1065 937 nostri
1101 901 1222 937 non
1255 884 1398 937 aliud
1432 883 1713 951 amplius,
1742 897 1795 936 ac

346 955 591 1010 diffusius
624 958 875 1010 meritum
905 959 1012 1022 est,
1041 974 1201 1027 quam
1230 956 1386 1026 quod
1409 956 1663 1008 insectari
1699 972 1799 1007 ma·

348 1031 435 1082 los
473 1030 743 1100 Principes
783 1046 957 1083 tutum
988 1031 1077 1084 est.
1114 1033 1199 1082 An
1227 1030 1426 1083 excidit
1456 1031 1645 1082 dolori
1677 1029 1799 1082 nos-

348 1115 437 1155 tro
471 1103 636 1156 modo
672 1104 970 1156 vindicatus
996 1105 1140 1156 Nero
1161 1107 1181 1157 ἒ
1201 1104 1539 1172 permitteret
1557 1105 1759 1166 ,credo
1778 1141 1794 1167 ,

349 1175 545 1231 famam
582 1178 864 1246 vitamque*
885 1177 1007 1239 eius·
1036 1177 1221 1246 carpi,
1254 1178 1347 1247 qui
1379 1191 1620 1229 mortem
1657 1176 1798 1230 ulcis·

348 1252 601 1310 cebamr3
625 1268 722 1303 nec
751 1265 812 1304 ut
839 1250 903 1302 in
926 1251 981 1302 se
1013 1251 1154 1302 dieta·
1184 1250 1629 1319 interpretaretur
1650 1289 1666 1314 ,
1688 1266 1796 1319 quae

349 1324 418 1376 de
457 1324 746 1395 simiilimo
787 1324 1104 1377 dicerentur.
1148 1325 1327 1396 Quare
1384 1340 1490 1393 ego
1524 1363 1539 1386 ‚
1586 1326 1758 1376 Caesar
1777 1363 1793 1388 ,

351 1399 660 1450 muneribus
692 1398 807 1450 tuis*
835 1398 1095 1450 omnibus
1115 1413 1370 1466 comparo
1394 1436 1407 1460 ‚
1439 1397 1632 1450 multis
1655 1412 1796 1451 ante-

353 1486 510 1538 pono
532 1510 548 1534 ,
573 1469 734 1542 quod
777 1470 905 1523 licet
950 1471 1109 1524 nobis
1161 1472 1221 1523 δε
1256 1472 1322 1522 in
1353 1471 1694 1539 praeteritum
1738 1473 1796 1523 de

352 1545 510 1597 malis
551 1545 962 1612 imperatoribus
1002 1545 1248 1613 quotidie
1282 1544 1547 1596 vindicari
1579 1582 1596 1608 ,
1631 1545 1688 1596 δι’.
1721 1544 1797 1596 fu-

353 1629 507 1671 turos
544 1618 637 1671 sub
669 1620 923 1686 exemplo
948 1634 1279 1687 praemonere
1300 1656 1315 1681 ,
1338 1619 1546 1670 nuilum
1580 1620 1764 1669 locum
1779 1655 1796 1682 ,

353 1692 563 1743 nullum
594 1689 698 1744 effe
729 1706 939 1759 tem-pus
961 1731 978 1754 ,
1003 1708 1115 1761 quo
1144 1690 1477 1744 funestorum:
1493 1690 1797 1760 Principum

352 1779 538 1818 manes
578 1782 608 1816 a
652 1764 985 1833 posterorum
1021 1764 1471 1817 exsecrationibus
1512 1765 1797 1834 conquies-

353 1852 495 1892 cant.
548 1836 678 1906 Quo
732 1836 1052 1892 constantius
1089 1878 1104 1903 ,
1150 1838 1329 1891 Patres
1373 1837 1665 1907 conscripti
1700 1878 1715 1903 ,
1750 1838 1797 1891 δι

354 1912 573 1964 dolores
610 1912 817 1965 nostros
858 1913 911 1964 δι
944 1913 1132 1983 gaudia
1168 1913 1534 1979 proferamus:
1560 1915 1796 1965 laetemur

351 1983 443 2039 his
480 1986 668 2054 quibus
696 1986 956 2046 fruimur·,
984 1985 1384 2055 ingemiscamus
1422 1986 1531 2038 illis
1564 2003 1688 2054 quae
1719 2001 1796 2053 pa·

342 2056 637 2114 tiebamur.
684 2060 853 2113 Simul
896 2073 1182 2127 utrumque
1235 2058 1534 2111 faciendum
1584 2059 1659 2112 est
1712 2059 1794 2111 sub

354 2130 505 2184 bono
537 2131 800 2202 Principe.
832 2132 1182 2185 Hocsecreta
1218 2132 1426 2195 nostra,
1460 2133 1571 2184 hoc
1610 2134 1795 2185 sermo·

354 2219 493 2267 neS,
537 2208 641 2258 hoc
680 2206 805 2274 ipsae
848 2205 1133 2275 gratiarum
1172 2203 1409 2257 actiones
1441 2219 1643 2274 agant,
1685 2221 1788 2256 me·

355 2277 716 2360 minerintque
780 2278 857 2332 sic
918 2277 1154 2331 maxime
1214 2279 1412 2330 laudari
1471 2278 1789 2331 ineolumem

353 2348 789 2419 imperatorem,
830 2352 877 2404 si
930 2352 1138 2419 priores
1194 2352 1341 2403 secus
1394 2351 1575 2404 meriti
1624 2363 1792 2421 repre·

357 2422 670 2479 bendantur.
715 2427 852 2477 Nam
895 2442 1070 2492 quum
1101 2427 1164 2477 de
1207 2426 1353 2476 malo
1396 2424 1644 2493 Principe
1683 2422 1791 2494 pos·

359 2498 465 2549 teri
504 2512 720 2563 tacent,
758 2497 1097 2551 manifestum
1129 2497 1203 2550 est
1235 2500 1419 2550 eadem
1452 2498 1628 2551 facere
1663 2515 1787 2567 pra:-

363 2570 820 2624 sentem.-
1220 2591 1229 2602 ³

433 2644 577 2698 L1V.
634 2645 825 2714 Ecquis
869 2645 987 2712 jam
1033 2648 1185 2699 locus
1228 2645 1431 2699 miserae
1483 2642 1786 2697 adulationis

361 2719 626 2771 manebat
657 2718 878 2789 ignarus
912 2759 927 2782 ,
977 2736 1140 2788 quum
1193 2721 1370 2771 laudes
1420 2719 1785 2786 imperatorum

360 2792 501 2845 ludis
542 2790 704 2844 etiam
753 2793 806 2844 δι
853 2793 1345 2846 commissionibus·
1374 2793 1783 2850 celebrarentur-⁴,

367 2863 782 2935 saltarenturque
805 2883 831 2927 3.
853 2880 1022 2936 atque
1056 2866 1122 2919 in·
1149 2882 1311 2921 omne
1344 2864 1639 2919 ‘ludibrium‘
1664 2860 1793 2917 effic—⁷
