1951 3720
371 259 507 355 178
696 263 961 330 CAII
1038 260 1462 332 ΡιιΝιι

450 385 1077 438 XVIILPznuus
1119 386 1419 438 Sanno
1462 398 1605 440 suo
1644 387 1710 444 3.

510 485 762 536 Promittit
790 484 1115 534 Firmanorum
1141 481 1194 550 β
1224 479 1408 549 causam
1431 485 1651 536 afflatum.

361 570 438 663 R
466 621 504 658 o
523 621 618 660 GA
637 622 664 658 s
698 623 757 661 ut
793 624 948 677 agam
982 605 1352 658 Firmanorum
1385 607 1649 675 publicam
1673 624 1795 662 cau·

357 680 512 739 sam3
553 683 696 749 quod
736 697 838 749 ego
860 721 888 744 l,
931 696 1251 749 quamquam
1288 680 1532 748 plurimis
1573 698 1795 750 occupa·

360 754 598 807 tionibus
626 754 878 805 distentus
899 794 921 816 ,.
951 757 1172 806 adnitar.
1214 753 1389 820 Cupio
1410 755 1554 805 enim
1577 757 1633 807 δε
1656 772 1798 807 orna·

361 828 624 879 tissimam
666 828 937 880 coloniam
984 826 1354 880 advocationis
1397 828 1615 891 officio,
1656 829 1720 880 δε·
1747 842 1796 881 oe

364 901 669 970 gratissimo
701 900 798 952 tibi
830 897 1051 953 munere
1087 899 1430 969 obstringere.
1471 903 1611 952 Nam
1642 918 1796 970 quum

361 975 772 1026 familiaritatem
817 972 1046 1026 nostram
1068 1013 1092 1037 ,.
1123 989 1185 1025 ut
1225 973 1364 1025 soles
1387 974 1671 1043 praedicare
1691 1014 1706 1038 ,
1743 975 1801 1027 ad

362 1049 666 1115 praesidium
699 1063 1177 1115 ornamentumque
1200 1047 1298 1099 tibi
1321 1047 1606 1117 sumpseris
1632 1087 1647 1110 ‚
1670 1048 1802 1100 nihil
1871 1045 1875 1049 ’

359 1120 435 1172 est
465 1122 614 1190 quod
657 1138 850 1190 negare
876 1122 1091 1172 debeam
1114 1159 1127 1183 ‚
1165 1121 1456 1188 praesertim
1493 1135 1596 1189 pro
1640 1121 1804 1190 patria

361 1194 590 1263 petenti.
632 1194 777 1261 Quid
799 1194 945 1246 enim
977 1193 1219 1263 precibus
1251 1207 1340 1246 aut
1368 1194 1646 1247 honestius
1667 1194 1766 1262 piis
1785 1233 1801 1259 ,

363 1283 455 1319 aut
489 1268 747 1321 efficacius
781 1267 1005 1319 amantis
1032 1270 1057 1321 ἓ
1102 1266 1330 1320 Proinde
1365 1268 1630 1320 firmanis
1662 1269 1763 1320 tuis
1784 1306 1805 1332 ,

365 1358 425 1393 ac
457 1339 560 1405 iam
581 1341 764 1408 potius
790 1340 983 1393 nostris
997 1341 1214 1410 obliga
1232 1340 1393 1392 fidem
1423 1358 1637 1402 meam3
1675 1358 1801 1412 quos

361 1416 542 1467 labore
565 1415 615 1465 ὃ(
633 1414 802 1466 st'udio
827 1432 952 1466 meo
977 1414 1167 1483 dignos
1197 1431 1360 1483 quum
1391 1415 1649 1483 splendor
1674 1415 1803 1482 ipso·

363 1504 519 1550 rum,
558 1502 669 1538 tum
701 1490 805 1539 hoc
845 1486 1081 1539 maxime
1108 1488 1422 1555 pollicetur,
1460 1486 1609 1557 quod
1641 1488 1805 1539 credi-

361 1560 468 1612 bile
495 1559 569 1612 est
606 1560 845 1628 optimos
887 1560 1031 1625 effe,
1070 1560 1210 1613 inter
1238 1578 1375 1631 quos
1397 1576 1459 1613 tu
1484 1561 1610 1614 talis
1652 1560 1803 1615 exsti·

364 1632 511 1687 teris.
551 1634 710 1688 Vale.
1392 1685 1398 1693 .

490 1741 669 1809 XIX.
709 1753 1041 1806 Ptuuus
1081 1754 1388 1807 Nnrorr
1430 1767 1579 1807 suo
1627 1756 1686 1808 S.

397 1853 608 1909 Nuntiat
631 1854 778 1922 Iegem
802 1873 831 1902 a
847 1853 1065 1921 principe
1088 1851 1236 1902 latam
1253 1888 1270 1909 ‚
1309 1853 1400 1920 quir*
1414 1852 1624 1921 pretium
1651 1851 1779 1923 agn's

473 1958 492 1969 '⁸
508 1951 697 2001 Italicis
728 1946 953 2017 accrescit
970 1984 986 2008 ,
1015 1947 1239 2016 decrescit
1258 1950 1668 2018 provincialibus.

366 2039 427 2131 S
447 2089 566 2127 cls
612 2090 672 2124 tu
712 2072 998 2125 accessisse
1045 2072 1277 2140 pretium
1316 2073 1456 2143 agris
1478 2112 1503 2135 ‚.
1535 2070 1807 2142 praecipue

360 2147 664 2202 suburbanis
697 2149 720 2199 ?
770 2147 936 2198 Causa
974 2145 1156 2197 subitae
1193 2146 1421 2198 caritatis
1444 2185 1460 2208 ‚
1496 2164 1580 2198 res
1624 2146 1800 2198 multis

361 2222 556 2290 agitata
587 2220 918 2272 sermonibus
936 2258 954 2282 ,
989 2219 1258 2287 proximis
1289 2218 1526 2271 comitiis
1548 2219 1803 2272 honestis·

298 2338 305 2343 .
361 2294 524 2346 simas
559 2310 728 2347 voces
766 2293 974 2345 senatus
1003 2292 1271 2360 expressit
1289 2332 1304 2356 ‚
1336 2295 1595 2344 Candidati
1620 2312 1681 2344 ne
1704 2311 1804 2344 con·

359 2368 583 2418 vivatur
600 2404 614 2427 ,
647 2385 710 2418 ne
737 2369 931 2417 mittant
961 2385 1181 2423 munera,
1205 2384 1265 2416 ne
1286 2368 1514 2435 pecunias
1543 2369 1802 2435 deponant.

359 2441 442 2491 Ex
467 2443 656 2509 quibus
675 2443 781 2492 duo
801 2441 980 2510 priora
999 2454 1107 2491 tam
1129 2437 1311 2507 aperte
1336 2438 1494 2508 quam
1513 2437 1803 2492 immodice

358 2512 593 2574 fiebantt
632 2515 737 2567 hoc
774 2514 991 2567 tertium
1014 2553 1027 2576 ,
1065 2530 1403 2582 quamquamt
1420 2516 1800 2576 occultaretur,

356 2603 459 2655 pro
490 2603 769 2656 comperto
790 2588 1098 2640 habebatur..
1126 2588 1392 2640 Homulus
1419 2586 1612 2639 deinde
1632 2585 1801 2639 noster

357 2660 648 2732 vigilanter
677 2663 801 2714 usus
839 2663 943 2713 hoc
967 2661 1226 2712 consensu
1245 2659 1480 2724 senatus,
1524 2658 1798 2712 sententie

354 2736 482 2787 loco
516 2735 803 2806 postulavit
828 2775 841 2799 ,
871 2750 931 2786 ut
963 2735 1207 2787 consules
1239 2734 1556 2787 desiderium
1579 2734 1803 2786 univer·

357 2809 537 2861 sorum
585 2825 774 2862 notum
828 2808 1067 2876 Principi
1114 2809 1345 2860 facerent
1385 2849 1407 2872 ,.
1450 2821 1807 2875 peterentque·

359 2882 499 2935 sicut
527 2884 647 2938 aliis
683 2883 869 2946 vitiis,
911 2883 1036 2935 huie
1072 2899 1287 2951 quoque
1326 2880 1679 2951 providentia
1709 2877 1803 2931 sua
