1951 3720
349 366 400 434 4
663 344 930 413 CAH
1002 343 1504 413 Pzrxlt‘

349 459 581 528 primum
613 475 673 513 ut
706 460 924 530 perinde
956 460 1148 515 nostris
1184 464 1337 517 rebus
1361 499 1378 527 ,
1416 478 1475 513 ac
1507 478 1608 514 nos
1640 461 1796 526 τιιὶς,7

351 533 632 605 perfruaris
666 554 679 587 ι
713 534 900 587 deinde
925 573 940 597 ,
979 550 1039 586 ut
1080 536 1188 588 mei
1224 534 1653 604 expergiscantur
1691 536 1792 588 ali-

353 608 564 675 quando
596 646 612 670 ,
659 607 752 676 qui
796 624 881 661 me
922 606 1103 662 secure
1146 626 1207 661 ac
1246 606 1416 677 prope
1459 607 1795 677 negligenter

353 679 676 746 exspec'tant.
713 682 849 732 Nam
889 680 1103 733 mitium
1137 682 1479 734 dominorum
1517 683 1655 748 apud
1690 681 1794 731 ser-

350 768 456 805 vos
486 752 602 821 ipsa
630 752 1010 815 consuetudine
1040 768 1212 807 metus
1243 752 1546 806 exolescit.
1581 751 1794 804 novita-
1799 748 1802 753 ’

354 824 493 878 tibus
531 827 864 889 excitantur,
900 826 1217 895 probarique
1255 824 1487 880 dominis
1523 841 1618 893 per
1653 824 1794 878 alios

352 899 521 968 magis
551 916 710 968 quam
738 915 834 968 per
871 898 1016 966 ipsos
1046 901 1304 955 laborant.
1336 900 1493 952 Vale.

410 1013 486 1067 V.
527 1012 786 1065 Pumus
824 1013 1135 1067 Vocomo
1174 1013 1463 1065 Romano
1508 1026 1629 1066 suo
1670 1014 1729 1069 S.

352 1123 520 1176 Mores
551 1121 779 1192 subdolos
824 1126 906 1178 M.
940 1126 1127 1196 Reguli
1165 1126 1392 1177 causidici
1437 1128 1638 1190 ostendit
1663 1162 1680 1190 ,
1731 1130 1794 1182 de

572 1200 798 1265 quovide
831 1219 903 1260 2,
938 1219 1025 1252 ao.
1058 1217 1217 1264 4,2.
1250 1200 1298 1251 6·
1331 1218 1381 1266 7.
1414 1207 1481 1261 6,
1515 1219 1569 1252 2.

357 1298 838 1405 V11>1s111uz
880 1356 1199 1410 quemquam
1239 1341 1426 1393 Marco
1465 1341 1673 1412 Regulo
1715 1341 1791 1395 ti·

355 1412 640 1467 midiorem
672 1414 1118 1483 humilioremque
1154 1413 1272 1482 post
1299 1413 1603 1477 Domitiani
1637 1432 1791 1468 mor-

356 1490 509 1547 tem?
541 1488 633 1539 sub
663 1504 772 1556 quo
796 1505 915 1543 non
944 1488 1152 1540 minora
1180 1487 1379 1556 flagitia
1409 1488 1745 1542 commiserat
1768 1529 1788 1554 ‚

357 1559 517 1630 quam
556 1561 647 1613 sub
683 1562 899 1614 Nerone
923 1601 939 1625 ‚
984 1561 1073 1614 sed
1110 1559 1349 1615 tectio-ea.
1391 1560 1575 1629 Coepit
1610 1563 1792 1616 vereri

359 1650 429 1686 ne
448 1633 551 1686 sibi
573 1634 853 1695 irascerer,
885 1650 984 1687 nec
1012 1635 1283 1688 fallebatur
1306 1672 1322 1697 ‚
1354 1632 1623 1688 irascebar.
1655 1634 1794 1686 Rus*

358 1706 455 1762 tici
501 1706 721 1762 Aruleni
765 1708 1060 1777 periculum
1111 1707 1319 1760 foverat
1356 1746 1374 1772 ,
1433 1707 1790 1761 exsultaverat

359 1795 534 1833 morte
558 1798 575 1840 ·‚
606 1782 737 1832 adeo
767 1795 826 1832 ut
854 1781 1048 1834 librum
1077 1780 1319 1832 recitaret
1350 1780 1741 1848 publicaretque
1768 1819 1788 1844 ,

358 1854 419 1907 in
454 1871 563 1924 quo
598 1852 865 1907 Rusticum
902 1851 1183 1907 insectami-
1206 1893 1221 1918 ‚
1258 1869 1414 1922 atque
1449 1852 1612 1906 etiam
1646 1855 1790 1911 Sto'iq

361 1947 517 1979 corum
539 1928 718 1978 simiam
743 1930 991 1996 appellat.
1020 1926 1215 1992 Adjicit
1233 1926 1522 1980 Vitelliani
1545 1927 1789 1982 cicatrice

358 2000 686 2071 stigmosum.
720 2001 977 2072 Agnoscis
1006 1999 1366 2069 eloquentiam
1392 2000 1599 2069 Reguli.
1631 2001 1789 2053 Lace-

357 2090 436 2127 rat
474 2074 801 2126 Herennium
838 2073 1186 2128 Senecionem
1230 2087 1339 2125 tam
1376 2072 1789 2141 intemperanter

358 2148 573 2217 quidem
597 2186 613 2210 ,
650 2161 709 2198 ut
728 2146 938 2199 dixerit
972 2145 1026 2198 ei
1055 2146 1256 2199 Metius
1288 2149 1453 2199 Carus
1475 2186 1490 2209 ‚
1532 2146 1665 2219 Quid
1697 2147 1788 2199 eibi

359 2242 460 2282 cum
490 2223 602 2272 met}
631 2227 822 2272 mortuis
845 2222 872 2269 ?
912 2223 1132 2287 numquid
1160 2238 1242 2289 ego
1275 2235 1357 2269 aut
1388 2219 1545 2286 Craffo
1576 2235 1659 2269 aut
1690 2223 1790 2271 Ca·-

356 2297 533 2345 merino
566 2294 779 2356 molestus
802 2291 905 2361 sum
923 2294 949 2345 ἓ
989 2309 1124 2361 quos
1153 2292 1244 2344 ille
1274 2292 1365 2343 sub
1388 2293 1603 2344 Nerone
1631 2309 1787 2350 accu-

358 2369 579 2433 faverat.
613 2367 741 2419 Haec
771 2379 857 2418 me
878 2365 1113 2435 Regulus
1142 2367 1382 2417 dolenter
1411 2364 1582 2417 tulisse
1612 2368 1789 2419 crede

342 2442 481 2504 Ibat,
520 2438 691 2508 eoque
725 2439 885 2492 etiam
919 2456 1085 2511 quum
1121 2438 1363 2490 recitaret
1395 2439 1627 2502 librum,
1672 2456 1789 2495 non

356 2513 675 2578 adhibuerat.
711 2512 965 2571 Praeterea
994 2505 1419 2568 reminiscebatur
1450 2528 1610 2579 quam
1639 2512 1786 2580 capi-

356 2587 533 2644 taliter
567 2586 737 2654 ipsum
774 2602 859 2639 me
900 2586 1040 2653 apud
1072 2583 1436 2644 centumviros
1482 2583 1787 2641 lacessisset.

356 2662 581 2712 Aderam
604 2657 1206 2721 Arrioni11ae‚Timonis
1228 2656 1420 2720 uxori,
1444 2672 1632 2725 rogatu
1654 2658 1788 2712 Aru·

355 2733 466 2792 leni
496 2730 708 2788 Rustici.
740 2732 972 2802 Regulus
1003 2746 1205 2789 contra.
1243 2731 1552 2791 Nitebamur
1585 2747 1688 2784 nos
1726 2730 1786 2815 iq

354 2821 503 2877 parte
543 2805 704 2859 causae
753 2802 1010 2858 sententia
1057 2804 1219 2856 Metii
1258 2802 1487 2857 Modesti
1519 2842 1535 2866 ,
1585 2802 1786 2872 optimi

351 2879 462 2932 viri
496 2919 511 2936 .
497 2878 587 2931 ·is
620 2893 744 2931 tunc
773 2878 830 2929 in
864 2876 1070 2931 exsilio
1092 2892 1242 2940 erat,
1280 2894 1310 2929 a
1338 2876 1659 2934 Domitiano
1694 2893 1784 2932 rev

350 2957 572 3028 legatum
606 2952 736 3012 Ecce
766 2952 862 3007 tibi
890 2952 1124 3024 Regulus
1144 2989 1160 3018 ,
1199 2951 1410 3026 Quat-o,
1441 2950 1618 3021 inquit
1634 2987 1652 3018 ,
1685 2950 1784 3004 Se-
