1951 3720
403 247 892 322 TRAIANO
947 253 1372 323 Dtcrv's.
1476 269 1609 347 371

153 368 327 444 quam
359 370 538 426 fieres.
595 372 722 425 Eras
758 369 905 425 en‘rm
942 371 1002 424 in
1032 370 1231 426 animis
1256 410 1273 438 ,
1311 372 1373 426 in
1406 372 1624 439 iudiciis

153 447 397 502 nostris:
441 462 540 500 nec
571 446 795 516 publica
824 446 1044 515 pietatis
1082 446 1335 501 intererat
1366 449 1496 518 quid
1512 469 1625 506 vo.

155 537 346 575 carere
370 559 388 586 ‚
428 520 535 573 nisi
566 518 717 589 quod
748 520 955 591 ingrata
991 519 1095 574 sibi
1126 522 1405 576 videbatur
1429 562 1444 588 ‚
1484 524 1532 577 si
1566 540 1625 580 te

154 593 549 664 imperatorem
584 594 768 663 potius
791 610 1016 648 vocaret
1042 596 1094 648 &
1124 597 1388 655 Caesarem
1409 636 1426 659 ,
1451 614 1622 669 quum

155 682 373 737 patrem
407 668 762 738 experiretur.
815 670 981 736 Quod
1014 668 1232 737 quidem
1269 686 1471 723 nomen
1513 672 1622 741 qui

153 742 498 813 benignitate
524 781 539 807 ‚
589 742 693 811 qua
734 742 1065 813 indulgentia
1101 760 1319 797 exerces
1350 749 1362 799 Ξ
1398 759 1459 797 ut
1494 762 1622 805 cum

155 815 377 870 civibus
409 815 518 870 tuis
539 854 556 880 ,
598 815 752 885 quasi
790 833 928 879 cum¹
943 815 1127 871 liberis
1157 833 1347 886 parens
1365 856 1382 883 ‚
1422 817 1573 872 vivis
1602 824 1619 875 ῑ

155 903 220 943 ut
266 891 516 944 reversus
550 889 850 960 imperator
878 930 896 957 ‚
939 891 1033 961 qui
1078 891 1323 960 privatus
1362 891 1573 946 exieras
1599 930 1620 959 ,

156 964 415 1035 agnoscis
437 1004 453 1030 ,
489 964 790 1035 agnosceris
814 970 828 1021 Ξ
867 966 1083 1018 eosdem
1107 982 1211 1019 nos
1230 1004 1249 1030 ‚
1285 966 1532 1020 eumdem
1562 979 1621 1021 te

156 1051 359 1106 putas:
384 1055 483 1108 par
516 1040 770 1093 omnihus
792 1077 809 1104 ‚
843 1040 897 1093 δε
919 1038 1026 1093 hoc
1043 1039 1253 1092 tantum
1287 1040 1478 1094 ceteris
1502 1057 1622 1094 ma-

159 1110 250 1178 jor
271 1150 288 1175 ,
326 1111 441 1181 quo
471 1113 683 1168 melior.

233 1186 428 1242 xxn.
472 1187 551 1240 Ac
590 1187 826 1255 primum
846 1225 862 1250 ‚
901 1185 995 1258 qui
1040 1186 1154 1241 dies
1188 1186 1282 1241 ille
1306 1227 1322 1251 ‚
1360 1204 1472 1258 quo
1516 1205 1619 1242 ex·

159 1258 430 1328 {peclatus
478 1261 904 1331 desideratusque
938 1262 1127 1314 urbem
1165 1277 1313 1313 tuam
1360 1261 1619 1332 ingreffus

157 1337 262 1387 es!
308 1335 428 1388 Jam
464 1334 570 1387 hoc
605 1334 780 1403 ipsum
818 1333 965 1403 quod
1006 1334 1264 1406 ingr-effus
1305 1351 1366 1387 es
1389 1375 1407 1398 ‚
1456 1335 1617 1405 quam

160 1406 366 1459 mirum
404 1410 693 1478 latumque
723 1414 735 1464 !
776 1410 914 1461 Nam
955 1409 1164 1477 priores
1201 1409 1389 1460 invehi
1425 1409 1478 1461 &
1519 1409 1623 1462 im·

160 1481 374 1548 portari
408 1482 649 1535 solebant
679 1521 696 1547 ‚
738 1497 853 1535 non
899 1481 1021 1536 dico
1065 1481 1377 1553 quadrijugo
1415 1498 1574 1535 curru
1596 1518 1616 1549 ‚

164 1554 222 1606 δι
274 1555 574 1608 albentibus
626 1556 782 1625 equis
804 1596 820 1619 ,
855 1556 944 1609 sed
997 1556 1236 1609 humeris
1292 1556 1614 1627 hominum-x,

165 1631 313 1698 quod
353 1629 688 1699 arrogantius
726 1644 856 1682 erat.
915 1630 1004 1681 Tu
1036 1629 1149 1683 sola
1189 1629 1435 1696 corporis
1483 1647 1617 1698 pro·

164 1702 392 1755 ceritate
431 1705 626 1757 elatior
664 1704 783 1756 aliis
820 1704 873 1756 δι
908 1703 1176 1756 excelsior
1200 1743 1220 1765 ,
1258 1718 1373 1754 non
1409 1704 1474 1754 de
1520 1718 1617 1770 pa-

163 1775 362 1829 tientia
410 1778 588 1830 nostra
634 1778 917 1847 quemdam
973 1777 1304 1846 triumphum
1345 1814 1361 1839 ,
1412 1776 1503 1828 sed
1552 1778 1623 1829 de

162 1849 413 1920 superbia
437 1851 744 1921 Principum
778 1850 946 1922 egisti.
978 1851 1118 1922 Ergo
1136 1867 1259 1904 non.
1276 1865 1405 1903 aetas
1427 1866 1621 1920 quem·

164 1941 331 1995 quam
348 1965 364 1989 ‚
385 1943 499 1977 non
517 1929 769 1979 valetudo
785 1964 799 1989 ‚
820 1942 935 1977 non
962 1926 1120 1978 sexus
1138 1925 1429 1978 retardavit
1442 1965 1457 1988 ‚
1479 1942 1625 1994 quo·

164 1999 352 2052 minus
389 2002 579 2053 oculos
616 1999 839 2052 insolito
878 1998 1178 2067 spectaculo
1218 1999 1487 2067 impleret.
1536 1999 1625 2053 Te

162 2074 386 2143 parvuli
403 2075 622 2127 noscere
637 2113 652 2138 ,
677 2073 936 2126 ostentare
954 2071 1180 2138 juvenes
1196 2111 1211 2136 ‚
1232 2072 1415 2125 mirari
1434 2072 1585 2126 senes
1601 2111 1627 2138 ,

163 2148 300 2218 egri
337 2163 576 2217 quoque
626 2146 869 2217 negle&o
910 2147 1237 2199 medentium
1289 2145 1521 2215 imperio
1556 2146 1627 2200 ad

163 2221 517 2289 conspeaum
546 2221 660 2285 tui,
695 2219 846 2291 quasi
872 2222 937 2273 ad
956 2220 1179 2273 salutem
1199 2220 1582 2291 sanitatemque
1603 2258 1625 2286 ,

167 2311 484 2365 prorepere.
526 2297 655 2349 Inde
687 2294 780 2347 alii
800 2294 854 2347 se
893 2293 1021 2347 satis
1051 2292 1246 2346 vixifl‘e
1277 2308 1333 2346 te
1366 2295 1492 2358 viso
1513 2334 1529 2359 ‚
1566 2309 1627 2349 te

166 2383 432 2439 recept03
471 2368 566 2422 alii
602 2385 743 2421 nunc
770 2368 940 2454 magis
963 2366 1067 2420 effe
1098 2368 1396 2421 vivendum
1425 2368 1626 2438 praedi-

166 2445 378 2497 cabant.
437 2442 684 2497 Feminas
727 2441 890 2494 etiam
939 2456 1068 2494 tunc
1117 2441 1478 2496 foecunditatis
1515 2444 1622 2496 fua

166 2518 412 2572 maxima
451 2519 708 2586 voluptas
747 2515 953 2577 subiit,
995 2532 1159 2585 quum
1212 2531 1488 2574 cernerent
1535 2515 1626 2569 cui

168 2591 414 2660 Principi
450 2591 638 2655 cives,
669 2589 755 2644 cui
793 2587 1107 2658 imperatori
1142 2589 1342 2643 milites
1382 2591 1628 2658 peperis-

168 2666 312 2720 sent.
346 2665 578 2718 Videres
614 2664 806 2719 referta
840 2662 978 2716 tecta
1007 2679 1066 2715 ac
1096 2665 1425 2727 laborantia,
1462 2680 1522 2717 ac
1552 2681 1624 2718 ne

169 2757 300 2794 eum
352 2740 576 2809 quidem
607 2751 887 2791 vacantem
928 2740 1109 2790 locum
1148 2777 1172 2802 ,,
1219 2739 1314 2807 qui
1349 2754 1468 2790 non
1513 2738 1627 2792 nisi

170 2813 486 2883 suspensum
528 2815 583 2866 δι
627 2811 870 2866 instabile
910 2810 1194 2882 vestigium
1235 2827 1486 2881 capet-eu
1525 2829 1632 2881 op-

169 2891 348 2957 pietas
368 2887 609 2959 undique
626 2887 745 2942 vias
767 2926 783 2953 ,
820 2886 1201 2958 angustumque
1233 2887 1506 2939 tramitem
1542 2903 1635 2941 re-

1253 2959 1419 3028 Qvi
