1951 3720
393 305 984 374 EPISTOLJAE.
1021 306 1307 377 Lib.111.
1463 326 1551 404 75

162 423 240 477 uti.
279 425 716 497 ἱππ-φιλόκαλοι
750 427 916 495 usque
951 428 1017 478 ad
1051 428 1351 480 emacitatis
1377 446 1557 498 repre-

163 505 445 559 hensionem.
505 504 686 558 Plures
717 506 907 559 iisdem
938 505 998 558 in
1031 506 1173 558 locis
1198 506 1357 559 villas
1380 510 1557 575 possi·-

164 578 309 643 debat,
336 577 682 647 adamatisque
718 579 881 632 novis
921 618 936 643 ,
980 580 1194 649 priores
1239 582 1556 650 negligebat.

163 650 352 705 Multum
384 652 578 721 ubique
614 652 925 716 librorum,
965 656 1196 705 multum
1236 654 1519 708 statuarum
1544 695 1560 718 ,

163 727 343 777 multum
388 725 720 795 imaginum,
763 743 893 796 quas
930 743 1046 779 non
1086 728 1308 780 habebat
1350 729 1516 782 modo
1546 770 1560 792 ‚

162 798 307 850 verum
340 799 494 851 etiam
516 802 900 852 venerabatur·
890 835 904 859 ,
928 800 1152 869 Virgilii
1174 816 1295 853 ante
1328 819 1559 865 omnes,

162 868 274 935 cujus
300 874 515 925 natalem
546 872 853 960 religiosius
874 890 1034 941 quam
1056 875 1208 926 suum
1228 878 1557 938 celebrabat,

161 944 342 1013 Neapoli
375 944 648 1010 maxime,
671 946 762 999 ubi
800 963 1211 999 monumentum
1237 947 1350 1011 eius
1376 952 1520 1003 adire
1542 990 1559 1012 ,

158 1030 203 1068 ut
231 1022 462 1087 templum
485 1059 501 1084 ,
542 1019 761 1073 solebat.
798 1022 859 1073 In
897 1021 997 1073 hac
1035 1022 1422 1089 tranquillitate
1462 1041 1557 1075 an-

159 1106 256 1143 num
286 1093 520 1162 quintum
558 1094 614 1146 δι
644 1094 1096 1164 septuagesimum
1122 1096 1355 1149 excessit
1375 1136 1391 1158 ,
1426 1097 1559 1149 deli·

157 1178 248 1217 cato
267 1168 418 1237 magis
442 1184 674 1234 corpore
694 1167 853 1236 quam
873 1166 1115 1220 infirmo.
1157 1169 1339 1237 thue
1377 1171 1561 1223 novis-

157 1238 286 1295 simus
303 1257 333 1292 a
358 1242 574 1294 Nerone
597 1240 764 1294 faetus
802 1239 875 1293 est
911 1242 1099 1293 consul
1122 1280 1138 1304 ,
1167 1239 1240 1292 ita
1264 1241 1558 1309 postrenum

154 1328 207 1363 ex
224 1314 445 1368 omnibus
482 1331 623 1384 quos
661 1313 810 1370 Nero
848 1315 1092 1367 consules
1119 1315 1313 1367 fecerat
1333 1355 1348 1378 ,
1374 1318 1555 1369 deces-

155 1385 223 1438 sit.
260 1389 382 1440 mud
413 1389 580 1441 etiam
616 1389 911 1448 notabille·,
937 1388 1161 1440 ultimus
1199 1405 1270 1439 ex
1291 1390 1557 1442 Neronia·

154 1459 217 1511 nis
240 1462 583 1516 consularibus
608 1462 747 1515 obiit
767 1502 784 1526 ,
810 1479 920 1532 quo
942 1462 1164 1516 consule
1194 1463 1342 1513 Nero
1376 1465 1554 1530 periit.

154 1532 281 1597 Quod
306 1553 384 1588 me
414 1536 814 1600 recordantem,
837 1535 1142 1605 fragilitatis
1174 1536 1419 1590 humanae
1451 1537 1555 1589 mi-

153 1605 305 1661 serario
333 1610 480 1664 subit.
533 1610 689 1676 Quid
706 1610 852 1661 enim
870 1623 981 1664 tam
1006 1607 1371 1662 circumcisum
1393 1648 1409 1672 ,
1449 1624 1556 1662 tam

151 1681 307 1748 breve,
344 1683 498 1753 quam
528 1682 775 1738 hominis
804 1683 921 1739 vita
945 1680 1308 1752 longissima?
1333 1683 1416 1746 An
1443 1701 1558 1736 non

152 1753 324 1808 videtur
357 1757 452 1811 tibi
489 1760 644 1811 Nero
681 1755 846 1813 modo
880 1755 1034 1809 fuiffe
1058 1796 1078 1820 ,
1125 1771 1290 1824 quum
1332 1755 1556 1810 interim

151 1844 203 1880 ex
225 1828 283 1883 iis
310 1831 397 1901 qui
427 1832 520 1886 sub
556 1832 660 1887 illo
692 1830 949 1902 gesserant
985 1829 1354 1893 consulatum,
1394 1845 1557 1885 nemo

151 1900 232 1965 jam
250 1905 493 1973 superest.
480 1909 502 1946 ²
528 1906 869 1974 Quamquam
901 1905 1033 1974 quid
1053 1906 1159 1957 hoc
1191 1903 1402 1960 miror?
1439 1906 1490 1957 N
1493 1922 1557 1957 u-

152 1989 224 2041 per
248 1978 424 2032 Lucius
457 1979 617 2044 Piso,
647 1993 798 2049 pater
837 1978 1047 2033 Pisonis
1084 1977 1231 2043 illius
1256 1976 1349 2045 qui
1385 1995 1415 2033 a
1440 1979 1552 2033 Va-

150 2051 256 2101 lerio
276 2052 413 2106 Festo
450 2071 549 2123 per
581 2052 848 2107 summum
877 2052 1079 2108 facinus
1114 2051 1170 2105 in
1193 2050 1369 2111 Africa
1406 2054 1552 2113 occi-

149 2122 215 2174 sus
240 2124 335 2190 est,
365 2127 540 2178 dicere
570 2125 770 2179 solebat
790 2165 807 2189 ,
843 2127 1089 2177 Neminem
1116 2123 1171 2191 sa
1208 2126 1366 2175 uidere
1400 2126 1448 2174 in
1477 2125 1558 2191 se·

147 2214 269 2259 natu,
305 2219 428 2268 quem
460 2197 631 2268 consul
662 2199 760 2270 ipse
789 2197 1075 2267 sententiam
1108 2197 1380 2268 rogariffet.
1417 2199 1556 2254 Tam

148 2271 335 2339 angustis
382 2272 633 2327 terminis
678 2286 837 2327 tantae
891 2271 1253 2327 multitudinis
1288 2270 1555 2328 vivacitas

146 2341 235 2410 ipsa
264 2348 595 2401 concluditur
614 2386 631 2410 ‚
661 2360 723 2401 ut
754 2346 889 2401 mihi
921 2363 1036 2401 non
1072 2344 1235 2399 venia
1261 2345 1433 2401 solum
1471 2348 1553 2401 di-

145 2433 237 2484 gnae
254 2459 267 2482 ,
304 2421 492 2475 verum
530 2420 693 2477 etiam
731 2421 885 2475 laude
920 2421 1204 2475 videantur
1242 2419 1349 2473 illae
1393 2421 1551 2491 regiae

143 2491 373 2562 lacrymae.
416 2497 558 2547 Nam
597 2494 772 2549 ferunt
808 2495 1049 2549 Xerxem
1068 2533 1083 2555 ,
1119 2509 1285 2561 quum
1320 2493 1549 2547 immen-

145 2562 236 2616 sum
246 2568 533 2622 exercitum
556 2568 729 2623 oculis
750 2566 992 2631 chifflet,
1012 2565 1360 2637 illacrymasse
1374 2605 1390 2630 ,
1405 2567 1555 2636 quod

145 2652 210 2689 tot
235 2641 459 2699 millibus
482 2657 596 2694 tam
623 2642 806 2695 brevis
837 2641 1145 2697 immineret
1173 2640 1405 2697 occasus.
1449 2644 1553 2696 Sed

145 2711 267 2765 tanto
295 2715 464 2785 magis
501 2716 642 2777 hoc,
681 2716 940 2789 quidquid
980 2714 1054 2771 est
1085 2714 1346 2782 temporis
1383 2711 1553 2770 futilis

145 2784 185 2834 &
222 2789 392 2841 caduci
412 2828 428 2852 ,
465 2789 529 2855 {si
569 2805 683 2840 non
727 2784 877 2842 datur
917 2788 1067 2842 factis
1118 2787 1142 2852 (
1184 2804 1304 2839 nam
1358 2787 1552 2841 horum

145 2861 332 2913 materia
360 2863 419 2914 in
456 2863 630 2915 aliena
662 2864 861 2930 manu)
898 2880 1001 2916 nos
1032 2860 1172 2914 certe
1209 2858 1391 2912 studiis
1425 2879 1553 2946 pro-

143 2931 336 2988 feramus
369 2955 386 2997 ;
434 2937 490 2989 &
527 2948 796 3005 quatenus·
820 2935 975 2990 nobis
1011 2937 1303 3060 denegiglf·
1332 2933 1424 2986 diu
1464 2938 1553 2987 vi-

1272 3026 1307 3070 ιι
