1951 3720
452 267 596 363 384
741 267 1582 338 PAN-Ecrnrcvs
1763 347 1771 356 .

351 436 356 441 .
434 389 718 460 solumque
769 388 1034 449 mutatum
1077 387 1224 458 quod
1266 388 1371 455 iam
1418 407 1529 443 non
1571 384 1815 458 delatores}

441 462 532 516 sed
553 466 697 534 leges
734 463 1010 516 timentur.
1051 466 1123 515 At
1145 463 1354 516 fortass‘e
1384 481 1495 516 non
1530 466 1691 517 eadem
1713 465 1817 518 seve·

437 535 595 590 ritate
647 536 834 589 fiscum
867 575 882 601 ,
939 537 1043 605 qua
1098 537 1342 590 aerarium
1362 576 1376 600 ,
1414 537 1657 590 cohibes:
1694 537 1815 591 immo

440 607 596 663 tanto
638 610 843 674 majore
864 649 880 673 ,
917 608 1121 680 quanto
1159 613 1278 678 plus
1320 610 1418 662 tibi
1457 611 1610 664 licere
1641 612 1694 662 de
1720 626 1814 675 tun,

438 682 600 751 quam
641 686 721 736 'de
757 683 973 752 publico
1018 683 1211 737 crediS.
1263 682 1479 736 Dicitur
1526 683 1675 736 adieri
1704 700 1816 753 atque

438 756 603 808 etiam
635 756 974 826 procuratori
1008 772 1138 808 tuo:
1165 758 1228 808 In
1262 753 1541 823 jus'veni3
1579 758 1758 826 sequfre
1774 758 1816 808 ad

440 829 690 884 tribunal.
757 832 896 882 Nam
950 830 1181 884 tribunal
1245 847 1460 899 quoque
1520 830 1814 898 excogitatum

438 903 765 972 principatui
809 903 883 956 est
917 921 1013 973 par
1061 904 1251 958 ceteris
1272 943 1288 967 ‚
1338 903 1446 956 nisi
1483 902 1610 955 illud
1637 904 1812 972 litigato·
1862 914 1863 951 1

438 976 515 1035 ris
559 977 907 1046 amplitudine
959 976 1218 1031 metiaris.
1279 978 1408 1030 Sors
1467 978 1521 1030 δι
1568 994 1682 1029 urna
1724 974 1814 1028 fisco

436 1047 672 1116 judicem
722 1051 956 1121 assignat
995 1069 1009 1104 ε
1052 1050 1180 1103 licet
1217 1049 1438 1119 rejicere,
1470 1090 1485 1114 ‚
1534 1050 1652 1104 licet
1695 1052 1815 1102 excla·
1862 1082 1863 1103 ;

439 1140 622 1179 mare:
661 1125 812 1177 Hunc
848 1125 983 1178 nolo
1007 1163 1023 1187 ‚
1061 1123 1281 1181 timidus
1319 1124 1422 1190 est,
1461 1125 1514 1177 &
1552 1126 1676 1189 bona
1703 1121 1814 1175 seculi

435 1213 628 1266 parum
672 1197 944 1268 intelligit.
1001 1198 1161 1250 Illum
1204 1200 1340 1251 volo
1379 1237 1396 1263 ‚
1453 1198 1575 1267 quia
1624 1197 1815 1250 Caesarem

438 1271 655 1324 fortiter
686 1287 844 1325 amar.
899 1273 1100 1324 Eodem
1135 1271 1258 1324 foro
1303 1286 1528 1325 utuntur
1559 1270 1814 1340 principatus

441 1344 497 1398 &
530 1345 767 1399 libertas,
813 1345 948 1412 Quae
987 1345 1256 1414 praecipua
1291 1360 1386 1398 tua
1423 1346 1589 1416 gloria
1622 1344 1686 1396 est
1708 1383 1720 1406 ,
1752 1344 1814 1395 sae·

438 1417 561 1486 pius
618 1417 855 1473 vincitur
909 1418 1066 1471 fiscus
1098 1437 1121 1480 ·,,
1156 1419 1306 1484 cujus
1355 1423 1495 1472 mala
1543 1418 1680 1472 causa
1714 1433 1815 1468 num·

440 1507 601 1560 quam
631 1491 705 1544 est
724 1532 739 1557 ‚
783 1492 891 1544 nisi
925 1493 1019 1545 sub
1051 1495 1200 1545 bono
1241 1492 1512 1562 Principe.
1561 1495 1724 1562 Ingens
1746 1491 1816 1541 hoc

439 1566 733 1626 meritum·,
773 1564 942 1631 majus
978 1567 1110 1618 illud
1134 1605 1150 1631 ‚
1192 1565 1337 1635 quod
1377 1583 1476 1619 eos
1515 1578 1814 1635 procuratores

438 1639 599 1697 habes
623 1679 638 1704 ‚
661 1654 723 1692 ut
757 1643 1072 1710 plerumque
1092 1640 1239 1692 cives
1270 1639 1352 1692 tui
1387 1657 1504 1693 non
1531 1640 1656 1692 alios
1673 1636 1814 1703 judices

439 1715 647 1768 malint.
702 1714 950 1767 Liberum
985 1713 1061 1766 est
1095 1728 1271 1766 autem
1306 1712 1629 1782 ,disceptanti
1662 1711 1814 1763 dicere:

438 1787 588 1840 Nolo
625 1805 749 1840 eum
785 1789 1001 1857 eligere.
1044 1789 1232 1855 Neque
1259 1787 1409 1847 euim
1450 1790 1610 1840 ullam
1644 1781 1816 1837 necessi·

440 1876 605 1916 tatem
643 1862 949 1915 muneribus
994 1862 1099 1914 tuis
1130 1860 1274 1913 addis
1298 1897 1313 1921 ,
1346 1877 1408 1914 ut
1447 1863 1545 1931 qui
1583 1859 1698 1913 scias
1727 1859 1816 1910 hanc

439 1933 544 1990 esse
563 1934 946 1988 beneficiorum
967 1934 1346 2004 principalium
1370 1936 1629 1989 summam
1646 1972 1662 1998 ‚
1693 1932 1731 1985 si
1746 1929 1814 1983 inis

441 2008 497 2060 &
533 2026 645 2061 non
669 2008 749 2060 uti
780 2010 925 2062 licet.

511 2081 807 2135 XXXVII.
851 2082 1034 2135 Onera
1069 2082 1284 2151 imperii
1316 2085 1571 2153 pleraque
1603 2074 1817 2148 vectigalia

438 2153 643 2208 institui
674 2195 690 2221 ‚
730 2170 790 2207 ut
826 2172 927 2223 pro
962 2157 1194 2210 utilitate
1241 2159 1556 2218 communi,
1596 2156 1662 2208 ita
1693 2153 1816 2220 singu·

437 2230 616 2280 lorum
653 2228 863 2293 injuriis
898 2230 1206 2300 coegerunt.
1251 2230 1346 2283 His
1375 2229 1639 2283 vicesima
1668 2237 1816 2294 reperti

436 2300 512 2353 est
531 2341 547 2365 ‚
586 2303 843 2355 tributum
880 2304 1158 2357 tolerabile
1190 2306 1245 2356 ὅ(
1277 2304 1430 2356 facile
1453 2303 1713 2357 heredibus
1733 2300 1817 2378 dut}-

436 2388 585 2429 taxat
620 2377 888 2430 extraneis
920 2417 936 2441 ‚
985 2377 1284 2430 domesticis
1319 2395 1503 2446 grave.
1549 2379 1715 2445 Itaque
1743 2372 1816 2423 ilhs

437 2449 732 2519 irrogatum
771 2450 846 2503 est
882 2491 897 2515 ‚
946 2452 1033 2503 his
1084 2449 1351 2503 remissum
1385 2471 1400 2511 ;
1443 2451 1687 2503 videlicet
1718 2442 1818 2515 qubd

436 2524 768 2576 manifestum
794 2540 906 2576 erat
945 2541 1148 2595 quanto
1175 2542 1298 2577 cum
1327 2527 1519 2578 dolore
1556 2520 1730 2582 laturi,
1756 2517 1819 2599 squ

434 2597 621 2665 potius
658 2614 771 2650 non
798 2598 956 2651 laturi
993 2598 1241 2652 homines
1271 2598 1436 2651 effent
1457 2639 1475 2663 ‚
1511 2593 1735 2665 destringi
1757 2592 1818 2642 ah·

434 2671 565 2737 quid
596 2672 648 2722 δι
667 2672 842 2723 abradi
862 2671 1020 2725 bonis
1043 2712 1057 2735 ,
1089 2691 1207 2742 quae
1229 2673 1480 2743 sanguine
1502 2714 1518 2736 ,
1549 2668 1816 2742 gentilitate·

434 2745 699 2796 sactorum
736 2745 964 2814 denique
1002 2747 1254 2800 societate
1277 2746 1615 2808 meruissent,
1649 2751 1819 2812 quaque

433 2818 723 2887 numquam
754 2833 814 2869 ut
846 2820 1016 2872 aliena
1038 2822 1095 2873 &
1124 2822 1404 2890 speranda,
1426 2821 1516 2873 sed
1544 2834 1603 2872 ut
1625 2816 1704 2869 sua
1719 2815 1818 2895 {em-

432 2907 635 2964 perque
668 2891 892 2962 poffess'a
917 2932 935 2961 ,
973 2910 1045 2954 ac,
1082 2896 1332 2965 deinceps
1378 2893 1634 2965 proximo
1674 2898 1819 2952 cmque

1470 2956 1818 3020 transmittenda
