1951 3720
368 266 620 333 EPIS
642 282 754 334 το
779 281 825 332 ι
847 284 940 336 AE.
973 266 1123 337 Lib.
1151 268 1370 340 V111.
1476 286 1613 367 255

176 383 271 439 tibi
292 385 480 454 scripsi
504 426 518 450 ‚
549 386 673 456 quia
710 403 807 438 nec
845 387 1021 440 mimis
1051 388 1233 457 ignota
1257 388 1413 458 quam
1437 392 1570 443 mihi
1600 432 1625 456 ,

174 476 270 512 nec
318 460 500 512 mimis
549 476 692 530 grata
734 461 1026 514 credebam.
1081 464 1220 514 Nam
1266 478 1320 515 te
1368 481 1581 533 quoque
1602 503 1623 528 ,

172 547 355 659 ξξαῖιιε
376 573 392 597 ,
432 533 570 586 nihil
610 532 761 602 &que
807 551 866 586 ac
904 550 1103 587 natura:
1141 553 1306 604 opera
1342 538 1627 592 delectant.

279 624 329 661 e.

259 726 444 781 XXI.
498 712 828 781 prmius
867 704 1241 783 Annt‘Auo
1284 745 1432 784 suo
1473 733 1529 788 S.

174 825 362 876 Narrat
404 825 653 874 recitatum
689 843 719 874 a
755 823 811 893 se
855 826 1024 876 librum
1077 825 1313 896 opusculis
1351 829 1533 880 varium
1575 831 1629 881 6·

240 905 406 949 metris
427 914 446 949 .-
480 914 607 949 amat
636 900 757 949 enim
779 897 1084 967 severitatem
1116 907 1471 970 comitatemque
1506 901 1625 973 mis-

241 989 376 1023 cere.

175 1079 321 1172 UT
358 1118 421 1170 in
460 1118 577 1172 vita
606 1158 623 1182 ‚
661 1117 739 1171 sic
776 1118 835 1170 in
881 1117 1064 1172 studiis
1102 1121 1517 1189 pulcherrimum
1568 1125 1623 1177 &

170 1189 620 1245 humanissimum
664 1192 950 1255 existimo,=
1006 1195 1345 1248 severitatem
1391 1198 1625 1250 comita-

171 1278 390 1335 temque
434 1268 658 1319 miscere
681 1305 696 1329 ‚
732 1283 800 1318 ne
849 1267 941 1319 illa
974 1267 1033 1319 in
1079 1268 1342 1321 tristitiam
1364 1309 1377 1333 ,
1416 1271 1531 1322 haec
1564 1271 1627 1323 in·

169 1339 522 1406 petulantiam
556 1340 792 1393 excedat.
840 1340 977 1406 Qua·
993 1341 1202 1394 ratione
1239 1343 1422 1395 duetus
1446 1383 1461 1406 ,
1501 1361 1622 1413 gra·

169 1413 327 1466 viora
363 1430 533 1482 opera
567 1413 768 1468 lusibus
800 1412 1042 1482 jocisque
1078 1414 1360 1485 distinguo.
1400 1418 1483 1469 Ad
1517 1418 1625 1470 hos

170 1487 524 1554 proferendos
563 1489 616 1540 δε
655 1500 865 1554 tempus
910 1488 963 1539 δε
997 1491 1177 1540 locum
1213 1490 1622 1557 opportunissi-

171 1577 320 1613 mum
361 1560 539 1630 elegi,
585 1575 750 1630 utque
779 1560 885 1625 jam
908 1577 1050 1612 nunc
1087 1560 1431 1615 affuescerent
1468 1565 1521 1616 δε
1557 1567 1622 1618 ab

173 1634 372 1688 otiosis
399 1672 416 1698 ‚
458 1636 512 1687 δι
558 1633 616 1686 in
663 1633 900 1686 triclinio
949 1634 1167 1697 audiri,
1203 1636 1350 1688 Julio
1399 1638 1577 1691 mense
1602 1678 1625 1701 ,

171 1723 281 1775 quo
322 1706 562 1760 maxime
601 1708 724 1761 lites
763 1705 1178 1776 iuret-quiescunt
1209 1747 1224 1771 ‚
1265 1708 1460 1775 positis
1499 1727 1627 1763 ante

171 1780 339 1833 Ῑεᾶοε
365 1782 657 1843 cathedris,
683 1782 884 1842 amicos
915 1780 1207 1833 collocavi.
1246 1781 1406 1834 Fort'e
1431 1783 1624 1836 accidit

171 1869 229 1907 ut
263 1872 335 1908 eo
359 1855 449 1908 die
486 1854 641 1908 mane
665 1854 722 1906 in
754 1854 1165 1907 advocationem
1203 1853 1427 1908 subitam
1463 1874 1622 1928 roga-

172 1926 257 1982 re'r
278 1947 299 1989 ·,
338 1931 488 1998 quod
516 1925 650 1981 mihi
679 1930 886 1980 causam
908 1928 1276 1997 praeloquendi
1299 1930 1458 1983 dedit.
1492 1932 1625 1984 Sum

172 2002 318 2055 enim
343 2004 683 2071 deprecatus,¹
703 2019 772 2054 ne
802 2001 923 2071 quis
945 2017 1008 2054 ut
1034 2001 1414 2055 irreverentem
1438 2005 1621 2072 operis

174 2091 420 2146 argueret
443 2116 461 2140 ,
491 2074 637 2146 <subd
656 2074 968 2127 recitaturus
983 2115 1001 2140 ,
1020 2091 1337 2143 quamquam
1364 2078 1417 2129 δε
1435 2078 1626 2131 amicis

176 2148 227 2200 &
267 2149 485 2219 paucis,
517 2150 658 2202 idem
695 2149 889 2201 iterum
924 2148 1111 2201 amicis
1136 2187 1152 2211 ,
1193 2149 1317 2201 foro
1363 2151 1416 2201 &
1450 2167 1623 2222 negt>-

173 2223 265 2275 tiis
305 2240 425 2276 non
461 2220 829 2276 abstinuiffem.
862 2223 1055 2275 Addidi
1091 2222 1230 2274 hunc
1258 2224 1501 2275 ordinem
1532 2242 1621 2277 me

176 2297 228 2348 δι
250 2297 308 2349 in
349 2297 624 2350 scribendo
667 2295 851 2365 sequi,
893 2310 955 2348 ut
986 2295 1329 2350 necessitates
1367 2299 1627 2366 volupta0
1694 2345 1699 2348 .

175 2369 314 2423 tibus
336 2410 352 2435 ,
400 2372 534 2424 seria
585 2369 830 2436 jucundis
887 2369 1200 2421 anteferrem
1232 2387 1251 2431 ·,
1284 2386 1345 2422 ac
1390 2371 1625 2439 primtim

174 2445 388 2504 amicis,
415 2458 531 2497 tum
566 2443 700 2497 mihi
733 2443 1030 2496 scriberem.
1058 2442 1214 2494 Liber
1243 2443 1348 2496 fuit
1370 2446 1423 2497 &
1459 2446 1626 2513 opus·

174 2519 309 2571 culis
344 2519 531 2571 varius
555 2520 607 2571 &
639 2517 842 2570 metris.
877 2518 962 2573 lta
979 2517 1241 2580 solemus,
1276 2513 1367 2586 qui
1399 2518 1629 2588 ingenio·

174 2608 374 2666 parum
401 2592 616 2645 fidimus
638 2632 653 2655 ‚
685 2591 937 2643 satietatis
961 2591 1253 2659 periculum
1280 2591 1480 2661 fugere.
1513 2593 1629 2645 Rea

176 2665 343 2718 citavi
377 2666 540 2718 biduo
564 2685 581 2718 t
620 2666 744 2717 hoc'
764 2663 990 2717 affensus
1035 2664 1361 2717 audientium
1395 2665 1577 2734 exegit
1601 2682 1622 2724 ;

179 2740 232 2790 δι
266 2754 452 2793 tamen
470 2779 490 2804 ,
517 2754 578 2791 ut
613 2738 705 2790 alii
729 2739 999 2791 transeunt
1020 2741 1255 2807 quadam
1277 2778 1299 2802 ,
1326 2737 1629 2805 imputant*

180 2830 281 2881 que
301 2811 448 2882 qubd
465 2813 729 2865 transeant
743 2852 758 2875 ,
783 2813 858 2864 sic
878 2829 986 2884 ego
1000 2812 1133 2863 nihil
1151 2826 1408 2879 praetereo
1424 2851 1437 2872 ,
1461 2826 1624 2878 atque

177 2886 341 2939 etiam
377 2902 493 2941 non
524 2884 796 2954 praeterire
832 2902 917 2938 me
946 2885 1093 2942 dico,
1141 2886 1288 2955 Lego
1319 2884 1465 2936 enim
1495 2900 1624 2937 om,-
