1951 3720
373 328 513 399 126
717 327 984 394 CAII
1054 325 1527 393 Plzerzl⁴

456 448 666 502 XXV.
707 447 1044 501 Fuluus
1083 450 1431 501 MAxnto
1471 459 1614 500 suo
1653 443 1715 501 s:
1787 457 1794 464 '

365 577 590 645 Eveniffe
612 579 738 647 quod
756 579 814 628 de
832 577 937 647 lege
958 577 1219 628 tabellaria
1248 578 1536 645 praelixerat
1555 610 1570 636 ,
1612 588 1637 639 3
1664 608 1678 635 ‚
1709 588 1791 628 20·

375 690 805 780 Senum-:mim
838 722 935 775 tibi
968 727 1261 776 verendum
1297 723 1400 777 effe
1432 740 1499 776 ne
1530 739 1601 775 ex
1636 722 1796 776 tacitis

367 796 631 867 suffragiis
668 797 865 849 vitium
895 798 1115 865 aliquod
1151 797 1443 851 exsisteret.
1476 796 1687 848 Factum
1713 794 1794 850 est.

368 869 645 923 Proximis
672 870 909 923 comitiis
932 910 950 934 ,
975 870 1034 921 in
1074 871 1380 940 quibusdam
1417 871 1624 922 tabellis
1646 872 1795 922 multa

366 941 625 1010 jocularia
643 983 659 1007 ,
696 960 853 1012 atque
883 944 1043 995 etiam
1070 945 1209 996 foeda
1229 944 1411 1004 diam
1450 945 1508 996 in
1542 960 1644 995 una
1675 941 1796 995 verti

370 1033 473 1084 pro
527 1017 924 1071 candidatorum
990 1017 1299 1070 nominibus
1335 1057 1352 1082 ‚
1410 1016 1797 1086 suffragatorum

369 1091 594 1144 nomina
637 1092 859 1144 inventa
900 1092 1039 1144 sunt.
1090 1092 1384 1143 Excanduit
1421 1091 1668 1153 senatus,
1698 1107 1797 1143 ma·

369 1171 585 1234 guoque
620 1168 854 1218 clamore
884 1166 936 1217 ei
968 1165 1063 1234 qui
1094 1164 1415 1233 scripsisset,
1445 1165 1638 1216 iratum
1662 1163 1800 1215 Prin-

370 1237 550 1306 cipem
595 1238 667 1290 est
703 1254 1088 1307 comprecatus·
1132 1240 1227 1291 Ille
1276 1254 1455 1291 tamen
1495 1238 1720 1300 fefellit,
1755 1239 1799 1291 &

367 1312 577 1377 latuit,
612 1311 823 1365 fortaffe
877 1313 1041 1364 etiam
1100 1310 1241 1363 inter
1298 1312 1636 1381 indignantes
1694 1311 1798 1367 fuit.

369 1384 522 1451 Quid
555 1387 698 1437 hunc
730 1400 977 1453 putamus
1020 1386 1169 1437 domi
1199 1386 1368 1437 facere
1388 1423 1405 1448 ‚
1443 1385 1540 1455 qui
1583 1386 1643 1438 in
1674 1399 1801 1437 tanta

370 1475 429 1511 re
452 1498 467 1521 ‚
506 1474 616 1511 tam
651 1460 792 1511 serio
838 1473 1085 1527 tempore
1108 1497 1124 1521 ‚
1154 1474 1262 1511 tam
1303 1459 1597 1511 scurriliter
1631 1460 1800 1512 ludat?

373 1532 468 1600 qui
499 1532 727 1601 denique
762 1533 991 1585 omnino
1024 1532 1082 1583 in
1116 1533 1300 1584 senatu
1339 1532 1493 1584 dicax
1519 1529 1802 1585 &urbanus

375 1606 431 1657 ὅ(
464 1607 633 1659 bellus
670 1605 743 1658 est
773 1609 795 1658 ἓ
829 1607 1063 1659 Tantum
1100 1605 1329 1659 licentiae
1369 1606 1554 1675 pravis
1591 1604 1805 1675 ingeniis

374 1677 555 1743 adiicit
584 1681 675 1731 illa
709 1678 922 1733 fiducia.
962 1681 1085 1753 Quis
1107 1682 1227 1730 enim
1258 1678 1381 1746 sciet
1405 1681 1431 1730 ‚⁹
1466 1679 1715 1748 Poposcit
1735 1694 1804 1731 ta-

373 1753 537 1805 bellas
558 1793 573 1817 ,
605 1754 781 1805 stilum
811 1756 1014 1821 accepit
1034 1793 1048 1816 ‚
1073 1753 1289 1805 demisit·
1317 1768 1474 1821 caput
1498 1772 1515 1813 ·‚
1556 1753 1805 1805 neminem

375 1842 630 1891 veretur,
653 1827 707 1881 se
736 1827 1054 1881 contemnit.
1087 1829 1213 1880 Inde
1245 1827 1337 1881 ista
1367 1827 1634 1892 ludibria,
1670 1824 1805 1880 scena

379 1900 435 1953 δι
474 1901 688 1970 pulpito
727 1902 901 1971 digna.
947 1900 1075 1967 Quo
1104 1916 1158 1954 te
1196 1904 1415 1955 vertas?
1440 1921 1561 1970 quae
1594 1900 1807 1954 remedia

375 1976 662 2043 conquiras
711 1977 736 2028 ἒ
787 1974 982 2043 ubique
1040 1975 1175 2028 vitia
1234 1975 1483 2028 remediis
1539 1975 1802 2029 fortiora}

373 2044 508 2108 σ’ίλλὰ
544 2040 723 2110 ‘mesra
771 2052 871 2106 τόν
908 2049 1034 2121 ι’περ
1071 2050 1236 2122 ἧμας·
1263 2046 1397 2107 aeaw
1435 2049 1686 2123 μιλᾶσά,
1722 2064 1802 2100 cm

375 2129 608 2180 multum
650 2126 889 2197 quotidie
939 2128 1294 2197 vigiliarum,
1346 2131 1578 2180 multum
1627 2128 1805 2182 laboris

375 2199 557 2264 adjicit
599 2202 714 2255 baec
757 2200 956 2253 nostra
971 2201 1113 2254 iners
1147 2241 1162 2266 ,
1215 2203 1303 2254 sed
1354 2217 1536 2254 tamen
1575 2201 1806 2258 effrenata

378 2275 693 2342 petulantia.
735 2276 895 2328 Vale.

469 2400 723 2454 XXVI:
772 2402 1103 2454 Ριιιτιυε
1143 2403 1444 2455 Νετοτι
1485 2417 1636 2456 suo
1673 2405 1726 2457 S.

414 2497 690 2550 Pollicetur
714 2497 769 2568 se
811 2499 1008 2550 libellos
1044 2497 1158 2566 suos
1191 2501 1534 2569 recognitarum
1578 2501 1666 2571 effe
1685 2537 1703 2562 ,
1735 2490 1787 2552 ἃ

828 2597 899 2646 his
936 2597 1064 2647 alios
1101 2597 1385 2650 additurum.

384 2682 456 2774 P
475 2735 510 2771 Ε
526 2734 564 2772 τ
581 2715 608 2771 ι
624 2734 651 2772 s
698 2733 758 2771 ut
791 2718 1003 2771 libellos
1046 2736 1197 2773 meos
1213 2759 1228 2783 ‚
1264 2738 1400 2788 quos
1438 2718 1805 2775 studiosissime

380 2791 693 2860 comparasti
710 2831 724 2854 ‚
752 2794 1005 2863 legendos
1029 2795 1588 2863 recognoscendosque
1608 2811 1804 2848 curem:

379 2865 587 2928 faciam.
640 2866 785 2930 Quid
832 2865 977 2918 enirn
1025 2867 1283 2934 suscipere
1324 2868 1574 2921 libentius
1619 2870 1809 2930 debeo,

379 2951 434 2993 te
469 2938 763 3010 praesertim
793 2938 1084 3016 exigente?
1126 2957 1251 2995 nam
1291 2957 1456 3011 quum
1491 2941 1580 2996 vir
1617 2941 1809 3014 gravis·
