1951 3720
393 273 668 343 Exn-s
709 292 757 342 τ
793 273 1203 346 oza-,Lib
1233 278 1323 348 V.
1442 293 1589 373 153

152 409 380 467 utroque
426 398 558 450 sexu
606 399 931 451 aemulandos
974 398 1098 450 tulit
1133 417 1147 452 z
1201 415 1317 467 quae
1372 397 1595 451 societas

135 471 507 524 'amicitiarum
526 471 821 523 arctissima
849 489 950 524 nos
982 471 1347 524 familiaritate.
1368 470 1597 536 conjun-

154 545 247 598 xit.
300 544 546 597 Accessit
578 544 857 597 vinculum
897 545 1307 598 necessitudinis
1350 545 1599 612 publica.

154 617 292 670 ldem
322 619 475 670 enim
514 618 649 670 mihi
671 648 704 682 ‚-
724 633 785 670 ut
822 618 923 670 scis
944 658 960 681 ‚
995 620 1202 687 collega
1226 658 1242 681 ‚
1266 618 1422 687 'quasi
1459 633 1598 671 voto

155 691 345 759 petitus
374 731 390 756 ‚
426 692 487 743 in
536 691 844 760 praefefitura
892 692 1063 744 aerarii
1111 691 1250 744 fuit:
1295 692 1400 743 fuit
1443 692 1495 743 δε
1541 691 1600 743 in

155 765 443 817 consulatu.
482 766 622 817 Tum
660 782 762 834 ego
801 764 894 833 qui
925 764 1042 828 vir,
1083 765 1137 816 ὅ(
1173 780 1398 834 quantus
1429 763 1557 817 effer
1581 803 1600 830 ‚

156 836 407 890 altissime
429 837 679 906 inspexi,
705 855 874 907 quum
901 838 1145 906 sequerer
1166 853 1226 890 ut
1255 837 1559 908 magistrum
1582 878 1600 904 ,

154 926 208 962 ut
250 926 534 979 parentem
571 928 844 964 revererer
875 930 888 964 :
936 912 1083 980 quod
1119 928 1251 963 non-
1274 926 1385 964 tam
1427 911 1601 966 aetatis

154 986 454 1037 maturitate
486 984 647 1054 quam
670 984 803 1038 vitae
838 987 1153 1039 merebatur.
1196 984 1297 1037 His
1332 1003 1403 1037 ex
1425 984 1600 1038 causis

155 1071 208 1109 ut
241 1058 483 1122 i11i‚sic
521 1058 659 1111 mihi
691 1061 961 1128 gratulor·
951 1093 967 1118 ,
998 1075 1097 1111 nec
1130 1057 1386 1125 privatim
1425 1059 1600 1129 magis

153 1147 304 1199 quam
343 1130 601 1200 publice,
638 1130 804 1221 ‘quod
824 1134 1038 1184 tandem
1079 1130 1330 1183 homines
1377 1148 1490 1184 non
1536 1132 1604 1185 ad

155 1205 419 1273 pericula,
459 1220 540 1257 ut
571 1205 760 1273 prius,
794 1222 988 1258 verum
1018 1206 1083 1256 ad
1117 1204 1352 1258 honores
1395 1205 1604 1259 virtute

153 1278 497 1347 perveniunt.
538 1280 603 1331 In
644 1277 920 1331 infinitum
959 1276 1237 1346 epistolam
1269 1280 1553 1331 extendam
1589 1287 1617 1344 ,'

155 1352 199 1403 si
229 1353 432 1423 gaudio
466 1370 592 1405 meo
628 1351 964 1426 indulgeam.
993 1351 1293 1405 Praevertor
1314 1354 1378 1406 ad
1399 1370 1459 1405 ea
1481 1369 1604 1421 quae

155 1443 234 1478 me
262 1441 518 1496 agentem
534 1427 623 1478 hic
656 1427 875 1480 nuntius
898 1425 1259 1494 deprehendit.
1298 1427 1453 1479 Eram
1476 1443 1602 1478 cum

153 1501 441 1567 prosocero
484 1517 647 1563 meo,
677 1517 821 1553 eram
851 1517 972 1552 cum
1009 1499 1171 1552 amita
1194 1499 1416 1564 uxoris,
1455 1516 1604 1552 eram

153 1589 270 1625 cum
301 1573 500 1628 amicis
531 1574 624 1626 diu
648 1573 956 1627 desideratis
989 1592 1003 1627 ι
1028 1572 1341 1625 cirumibam
1361 1575 1562 1642 agellos
1582 1591 1607 1631 ς

154 1647 426 1700 audiebam
454 1650 684 1699 multum
702 1647 1013 1700 rusticarum
1045 1648 1410 1729 querelarum:
1437 1644 1606 1697 ratio·

151 1737 243 1773 nes
263 1723 510 1791 legebam
541 1720 746 1773 invitus
779 1723 832 1773 ὃ(
853 1719 1052 1772 cursim
1075 1722 1095 1788 (
1121 1718 1240 1770 aliis
1264 1717 1410 1770 enim
1447 1718 1601 1771 char-

154 1792 255 1858 tis,
289 1794 412 1847 aliis
444 1794 563 1846 sum
594 1793 788 1847 litteris
818 1792 1102 1858 initiatus)
1140 1808 1408 1860 coeperam
1439 1789 1603 1846 etiam

150 1866 332 1922 itineri
374 1885 467 1921 me
505 1885 815 1937 praeparare.
872 1870 1012 1920 Nam
1055 1867 1305 1919 includor
1338 1865 1595 1936 angustiis

151 1943 485 1995 commeatus
507 1982 521 2006 ‚
550 1958 726 2010 eoque
759 1942 874 2010 ipso
900 1979 914 2005 ‚
948 1938 1094 2010 quod
1129 1943 1427 2010 delegatum
1464 1942 1605 1993 Cor-

152 2031 284 2067 nuto
326 2016 491 2068 audio
534 2015 769 2067 officium
788 2055 803 2080 ,
840 2015 949 2067 mei
988 2016 1300 2067 admoneor.
1345 2013 1522 2081 Cupio
1546 2027 1605 2066 te

152 2105 369 2158 quoque
403 2089 499 2140 sub
532 2089 675 2141 idem
710 2103 920 2157 tempus
964 2088 1253 2156 Campania
1281 2103 1373 2140 tua
1414 2086 1608 2139 remit-

152 2176 228 2213 tat
253 2202 270 2226 ,
310 2179 379 2215 ne
416 2162 537 2231 quis
557 2201 574 2226 ‚
618 2179 782 2231 quum
813 2162 873 2214 in
905 2163 1088 2214 urbem
1124 2161 1332 2215 rediero
1353 2201 1369 2226 ‚
1407 2175 1605 2214 contu-

149 2235 340 2288 bernio
381 2235 579 2288 nostro.
605 2235 720 2288 dies
743 2249 941 2305 pereat.
992 2235 1149 2289 Vale.

159 2353 725 2409 xvl.Pt11uus
766 2356 1302 2408 MAncssttxuo
1347 2371 1491 2410 suo
1534 2359 1599 2414 S.

147 2451 338 2504 Puella
357 2451 673 2520 fistiv'isu'mae
711 2453 904 2510 obitus,
926 2453 973 2502 6·
1005 2453 1149 2505 Iustus
1183 2453 1402 2506 Fundani
1425 2455 1604 2525 patris.

150 2552 800 2653 Tlusrlssxmus
832 2601 946 2653 haec
984 2598 1081 2653 tibi
1117 2600 1325 2665 scribo,
1362 2599 1602 2654 Fundani

146 2672 322 2725 nostri
362 2673 480 2727 filia
526 2673 736 2726 minore
790 2672 1065 2727 defunsta·
1056 2708 1070 2733 ,
1113 2675 1218 2742 qua
1253 2677 1430 2743 puella
1467 2675 1603 2725 nihil

145 2762 410 2816 umquam
448 2746 692 2799 festivius
726 2787 743 2812 ,
786 2746 1061 2805 amabilius
1084 2787 1101 2811 ,
1139 2765 1237 2800 nec
1274 2746 1439 2800 modo
1473 2749 1600 2798 lon-

146 2820 309 2889 giore
354 2820 509 2883 vita,
548 2821 637 2873 sed
676 2819 848 2889 prope
884 2821 1286 2874 immortalitate
1327 2860 1344 2884 ,
1388 2820 1602 2890 dignius

145 2893 293 2948 vidi.
338 2896 592 2950 Nondum
615 2910 785 2948 annos
817 2893 1565 3020 quatuordecimGimpleverat
1588 2932 1608 2957 ‚

1273 2985 1312 3020 v
