1951 3720
400 332 965 402 Epzsrom..
1011 333 1158 402 Lib.
1205 334 1282 404 11.
1469 296 1564 432 ’ςῖ

138 445 222 501 ino
255 463 344 502 aut
380 449 592 503 fidelius
627 447 802 501 amico
827 486 844 512 ‚
881 463 972 501 aut
1016 448 1194 502 sodale
1239 450 1562 516 jucundius?

140 521 264 575 Mira
292 524 349 575 in
368 524 618 576 sermone
640 562 654 587 ‚
686 522 820 574 mira
848 523 1010 575 etiam
1040 522 1100 575 in
1120 541 1213 575 ore
1238 524 1356 591 ipso
1380 528 1561 578 vultu-

139 611 226 662 que
252 597 505 650 suavitas.
549 599 632 649 Ad
660 598 766 648 hoc
795 595 1070 665 ingenium
1109 599 1379 649 excelsum
1400 639 1416 662 ‚
1452 599 1566 651 sub-

137 668 248 733 tile,
279 672 431 722 dulce
451 711 467 733 ‚
506 671 659 723 facile
680 709 695 732 ‚
726 673 991 721 eruditum
1027 670 1084 721 in
1120 672 1290 723 causis
1328 673 1564 740 agendis,

135 740 373 809 Epistolas
409 744 626 813 quidem
657 742 835 794 scribit
854 783 870 805 ,
905 758 965 794 ut
998 743 1168 796 musas
1207 743 1344 813 ipsas
1375 745 1563 799 Latine

135 814 265 882 loqui
296 819 499 870 credas.
554 819 776 868 Amatur
799 833 826 868 a
858 833 943 868 me
979 816 1268 884 plurimum
1290 857 1305 882 ‚
1344 836 1442 872 nec
1481 835 1562 872 ta-

132 904 239 940 men
270 890 531 943 vincitur.
581 889 838 959 Equidem
876 888 1088 954 juvenis
1130 890 1301 943 statim
1332 892 1518 957 juveni
1544 934 1561 959 ‚

133 976 373 1028 quantum
404 965 563 1032 potui
594 982 689 1032 per
707 979 918 1014 aetatem
939 1003 955 1026 ‚
987 962 1296 1019 avidissime
1324 969 1561 1032 contuli,

131 1034 177 1084 &
204 1054 367 1104 nuper
392 1039 457 1089 ab
488 1037 700 1106 optimo
732 1036 975 1104 Principe
1000 1040 1162 1088 trium
1189 1040 1480 1092 liberorum
1503 1042 1562 1094 ei

129 1105 200 1171 ius
235 1110 563 1179 impetravi3
600 1113 745 1180 quod
785 1127 1104 1179 quamquam
1145 1110 1300 1180 parce
1339 1115 1394 1165 &
1436 1131 1560 1167 cum

128 1182 314 1236 dele&u
344 1187 497 1236 daret
518 1223 533 1245 ,
573 1184 706 1235 mihi
740 1198 917 1235 tamen
937 1222 952 1245 ‚
997 1197 1265 1255 tamquam
1297 1186 1517 1256 eligeret
1542 1228 1560 1253 ‚

127 1253 350 1311 indulsit.
398 1259 529 1310 Haec
570 1257 825 1309 beneficia
863 1274 981 1308 mea
1020 1259 1157 1309 tueri
1201 1262 1350 1313 nullo
1393 1263 1559 1314 modo

126 1332 299 1384 melius
338 1333 501 1400 quam
550 1346 610 1382 ut
647 1349 866 1400 augeam
900 1370 914 1393 ‚
959 1330 1169 1398 poffum
1203 1351 1219 1390 ·‚
1263 1334 1555 1401 praesertim

126 1420 276 1471 quum
305 1406 419 1473 ipse
458 1405 548 1456 illa
578 1419 685 1455 tam
723 1404 867 1474 grat'e
903 1404 1280 1471 interpretetur
1299 1446 1314 1469 ‚
1346 1424 1406 1459 ut
1428 1410 1552 1460 dum

123 1479 290 1543 priora
312 1479 509 1547 accipit
533 1519 547 1542 ‚
581 1478 872 1545 posteriora
910 1493 1190 1532 mereatur.
1232 1481 1404 1534 Habes
1432 1500 1555 1551 qua-

122 1551 218 1615 lis,
260 1554 421 1622 quam
457 1554 708 1620 probatus
750 1552 999 1620 carusque
1037 1551 1107 1602 sit
1146 1554 1321 1606 nobis.
1377 1557 1554 1621 Quem

122 1640 245 1694 rogo
286 1645 390 1694 pro
430 1626 652 1696 ingenio
693 1665 707 1688 ‚
761 1643 861 1693 pro
902 1627 1112 1677 fortuna
1153 1641 1242 1677 tua
1301 1645 1553 1682 exornes.

121 1697 175 1749 In
207 1701 395 1767 primis
433 1717 550 1751 ama
575 1700 883 1751 hominem:
925 1715 1048 1749 nam
1090 1697 1217 1750 licet
1265 1700 1462 1752 tribuas
1500 1703 1552 1755 ei

123 1787 366 1839 qnantum
402 1774 793 1840 amplissimum
830 1789 987 1840 potes
1009 1810 1024 1833 ‚
1066 1773 1199 1823 nihil
1234 1788 1412 1826 tamen
1447 1792 1555 1827 am-

121 1847 249 1913 plius
275 1865 435 1917 potes
477 1847 711 1900 amicitia
747 1847 837 1899 tua
858 1887 873 1909 ‚
915 1844 1064 1906 cuius
1100 1844 1204 1898 effe
1228 1864 1348 1899 eum
1386 1849 1553 1919 usque

121 1923 178 1971 ad
212 1921 457 1975 intimam
487 1921 898 1974 familiaritatem
922 1935 1167 1987 capacem
1190 1960 1205 1983 ‚
1238 1921 1347 1989 qud
1384 1925 1552 1993 magis

120 1993 264 2048 scires
286 2032 301 2056 ,
323 1997 565 2048 breviter
599 1994 694 2047 tibi
725 1994 887 2046 studia
908 2032 923 2057 ‚
963 2010 1171 2055 mores,
1210 2010 1428 2048 omnem
1459 2001 1551 2051 de-

120 2066 271 2137 nique
299 2071 476 2123 vitam
499 2068 613 2131 ejus
655 2069 912 2135 expressi.
959 2068 1310 2119 Extenderem
1348 2087 1550 2137 preces,

118 2141 216 2192 nisi
258 2144 309 2194 &
346 2159 406 2195 tu
447 2142 622 2211 rogari
663 2141 754 2191 diu
795 2143 966 2192 nolles
990 2180 1004 2203 ‚
1043 2140 1095 2190 δε
1136 2157 1238 2209 ego
1288 2144 1402 2194 tota
1448 2147 1552 2197 hoc

117 2214 328 2281 epistola
366 2217 617 2270 fecifl‘em.
663 2215 838 2282 Rogat
868 2216 1015 2266 enim
1052 2214 1105 2263 δι
1128 2214 1343 2281 quidem
1378 2217 1550 2270 effica-

117 2286 324 2343 cissime
346 2331 360 2354 ,
394 2292 491 2359 qui
514 2288 685 2342 reddit
708 2288 882 2339 causas
903 2285 1142 2357 rogandi.
1176 2289 1331 2343 Vale.

216 2401 390 2455 XIV.
436 2402 767 2455 Pul-uus
809 2402 1158 2454 MAx1M0
1201 2417 1347 2456 suo
1389 2406 1445 2458 S.

162 2515 318 2567 Dolet
359 2512 686 2584 adolescentes
723 2531 893 2566 temere
925 2517 971 2566 6·
1001 2516 1312 2568 irreverenter
1338 2517 1501 2587 causas

489 2606 628 2658 agere
661 2592 788 2657 apud
828 2592 1160 2640 centumviros.

120 2695 403 2789 Vmor«
439 2732 684 2802 opinaris
717 2754 730 2786 :
767 2733 1049 2804 distringor
1080 2735 1550 2789 centumviralibus

116 2807 276 2859 causis
302 2847 315 2870 ‚
353 2826 471 2877 quae
498 2825 586 2860 me
608 2822 860 2861 exercent
891 2809 1059 2877 magis
1080 2809 1239 2877 quam
1258 2809 1518 2863 delectant
1539 2827 1553 2861 ε

115 2879 226 2930 sunt
246 2881 385 2932 enim
407 2884 677 2950 pleraeque
703 2898 879 2948 patvae
900 2882 952 2933 &
981 2883 1169 2936 exiles.
1202 2882 1344 2935 Rarb
1368 2882 1555 2934 incidit

117 2955 202 3005 *el
222 2956 565 3022 personarum
588 2956 826 3009 claritate
846 2957 937 3009 vel
961 2957 1176 3027 *negotii
1194 2956 1555 3028 magnitudine

1158 3033 1200 3083 C
1222 3029 1255 3095 ij
