1951 3720
343 295 800 368 ΤΚΑῙΑΝΟ
877 314 995 383 οι
1017 312 1119 367 01·
1141 312 1287 368 υς.
1394 320 1478 388 41
1501 321 1537 387 1¹

120 419 213 477 mia
231 458 246 484 ‚
275 418 557 486 juvenibus
603 420 848 488 exempla
879 437 894 473 ε
933 420 1120 472 adeant
1138 458 1155 483 ‚
1201 419 1541 491 frequentent

118 493 302 547 securas
320 495 530 545 tandem
550 509 608 545 ac
627 507 868 561 patentes
887 494 1101 545 domos.
1131 492 1389 580 Quisquis
1410 510 1544 562 pro-

121 566 255 621 batos
276 566 478 620 senatui
506 566 657 619 viros
675 566 891 635 suspicit
910 605 927 630 ‚
951 566 1041 618 hic
1066 566 1303 619 maxime
1331 566 1540 619 Princi-

117 655 225 707 pem
260 654 614 708 promeretur.
660 640 775 693 Sibi
819 638 964 692 enim
1011 639 1302 709 accrescere
1344 653 1497 709 putat
1520 677 1542 707 ,

117 715 245 781 quod
271 713 460 781 cuique
495 711 784 766 adstruatur
813 731 831 772 ·‚
870 713 1176 794 nullamque
1217 711 1278 764 in
1302 729 1383 765 eo
1420 714 1546 782 glo.-

119 785 233 845 riam
256 786 409 854 ponit
429 824 446 849 ‚
478 783 624 854 quod
639 785 711 840 sit
734 785 983 838 omnibus
1003 801 1175 849 major
1194 824 1209 850 ‚
1235 784 1342 837 nisi
1364 785 1548 839 maxi-

119 858 185 911 mi
209 859 427 927 suerint,
453 859 644 928 quibus
659 857 835 925 major
852 857 944 912 est.
990 856 1163 931 Persta
1183 898 1199 922 ,
1237 860 1412 921 Caesar
1430 898 1451 923 5
1483 858 1545 914 in

120 929 201 983 ista
216 932 419 986 ratione
433 932 738 1002 propositi,
771 932 1007 1002 talesque
1024 949 1127 985 nos
1146 933 1299 986 crede
1322 972 1339 997 ‚
1371 931 1546 1001 qualis

120 1003 238 1060 fama
255 1006 504 1076 cujusque
525 1005 626 1060 est:
649 1005 776 1060 huic
795 1023 947 1059 aures
967 1045 985 1069 ‚
1007 1005 1131 1059 huic
1155 1007 1344 1077 oculos
1362 1004 1544 1059 inten-

122 1078 191 1131 de.
231 1081 307 1132 Ne
345 1080 643 1148 respexeris
683 1078 1028 1134 clandestinas
1081 1079 1505 1133 existimationes
1525 1117 1544 1147 ‚

122 1152 358 1222 nullisque
403 1154 592 1224 magis.
635 1152 795 1223 quam
845 1152 1179 1206 audientibus
1227 1152 1544 1208 insidiantes

123 1224 348 1283 susurros.
370 1227 576 1280 Melius
597 1226 845 1280 omnibus
865 1224 1025 1296 quam
1038 1226 1262 1297 singulis
1281 1226 1545 1282 creditur:

125 1297 296 1369 singun
329 1300 475 1355 enim
506 1301 753 1370 decipere
783 1302 837 1354 &
866 1298 1042 1370 decipi
1082 1297 1338 1369 poss‘unt3
1376 1316 1542 1361 nemo

128 1387 289 1439 onmes
312 1414 328 1439 ‚
368 1376 645 1428 neminem
663 1391 854 1443 ornnes
874 1375 1196 1427 fefellerunt.
1382 1416 1387 1419 ,
1418 1438 1419 1441 Ἴ

127 1494 134 1499 .
181 1446 363 1502 LXIII.
386 1450 655 1502 Revertor
671 1446 778 1515 jam
798 1450 862 1501 ad
878 1447 1211 1517 consulatum
1229 1460 1412 1507 tuum3
1435 1444 1542 1503 etsi

126 1516 227 1572 sunt
242 1525 472 1590 quaedam
498 1523 565 1575 ad
582 1522 915 1576 consulatum
939 1522 1154 1592 quidem
1181 1520 1507 1591 pertinentia
1525 1560 1544 1588 ,

127 1607 230 1646 ante
245 1596 574 1649 consulatum
591 1610 802 1660 tamen,
835 1594 1107 1664 inprimis
1134 1593 1541 1665 quod-comitiis

129 1665 220 1720 mis
251 1668 527 1724 interfuisti
541 1709 558 1733 ,
589 1670 894 1725 candidatus
927 1686 1044 1723 non
1084 1668 1385 1725 consulatus
1424 1683 1545 1720 tan-

129 1738 224 1791 tum
249 1779 264 1805 ,
296 1743 383 1796 sed
411 1742 836 1798 immortalitatis
876 1742 929 1796 &
959 1742 1143 1813 gloriae
1166 1781 1182 1806 ‚
1221 1743 1275 1794 δι
1304 1741 1543 1810 exempli

127 1815 252 1882 quod
277 1817 617 1887 sequerentur
639 1816 771 1871 boni
793 1815 1067 1886 Principes
1089 1853 1108 1882 ‚
1138 1814 1265 1870 mali
1294 1814 1546 1886 miraren-

130 1899 216 1944 tur.
256 1892 404 1944 Vidit
447 1907 503 1946 te
542 1894 777 1960 populus
814 1891 1087 1944 Romanus
1130 1891 1190 1962 in
1225 1890 1319 1943 illa
1358 1904 1545 1944 vetere

128 1962 373 2027 potestatis
403 1966 511 2019 suae
542 1966 661 2019 sede
694 1984 709 2019 z
759 1963 1031 2034 perpessus
1055 1981 1115 2017 es
1151 1965 1375 2034 longum
1412 1964 1547 2017 illud

128 2048 317 2090 carmen
333 2037 682 2106 comitiorum
695 2079 714 2103 ‚
732 2055 832 2093 nec
849 2036 955 2103 iam
974 2037 1291 2092 irridendam
1304 2053 1511 2096 moram
1523 2054 1546 2097 ς

129 2110 390 2181 consulque
409 2113 489 2166 sic
514 2112 679 2178 faQus
697 2129 756 2165 es
777 2150 793 2177 ,
827 2126 888 2164 ut
916 2129 1059 2170 unus
1078 2128 1150 2163 ex
1169 2110 1324 2170 nobis
1344 2149 1365 2173 ‚
1404 2127 1546 2180 quos

129 2179 237 2244 facis
255 2186 516 2239 consules.
550 2185 984 2254 Quotusquisque
1006 2183 1311 2254 Principum
1330 2199 1546 2238 antece-

129 2254 342 2326 dentium
374 2260 644 2313 honorem
676 2258 830 2313 istum
873 2273 964 2316 aut
994 2257 1293 2311 consulatui
1324 2258 1542 2326 babuit,

129 2331 206 2386 aut
219 2335 459 2401 populo?
492 2334 621 2385 Non
639 2333 732 2386 alii
760 2331 984 2386 mucidi
1014 2331 1207 2384 somno
1227 2371 1250 2402 2
1275 2330 1543 2402 hesterni·

129 2416 219 2469 que
233 2406 381 2460 coena
402 2408 755 2460 redundantes
769 2445 785 2469 ‚
805 2404 1153 2459 comitiorum
1172 2405 1390 2458 suorum
1411 2422 1541 2459 nun·

129 2474 226 2536 ‚tios
237 2480 694 2549 opperiebantur?
735 2478 994 2534 Alii-sane
1028 2479 1323 2549 pervigiles
1364 2479 1419 2531 δι
1457 2478 1544 2532 in-

133 2546 356 2618 somnes„
399 2554 490 2606 sed
511 2553 649 2610 intra
678 2552 977 2607 cubiliasua
1007 2551 1115 2604 illis
1138 2552 1273 2622 ipsis
1308 2553 1543 2607 consuli-

127 2611 1543 2769 &nmmfflfflmffiwzsffi

129 2757 389 2836 &estatis
410 2773 632 2839 ambitio
653 2813 669 2838 ‚
699 2774 1079 2846 concupiscere
1102 2771 1364 2827 honorem
1386 2790 1546 2843 quem

127 2839 446 2914 dedignetim
481 2848 750 2917 dedignari
771 2846 1287 2916 quemconcupieris
1312 2851 1326 2901 Ξ
1351 2864 1549 2917 quum-

133 2920 610 3000 ffl4ssproxinus·
631 2921 805 2990 hortis
823 2938 1070 2993 campum
1101 2922 1155 2977 &
1182 2919 1405 3048 csomitia
1425 2937 1550 2996 pro-

1252 3011 1290 3060 11
1526 3005 1537 3016 ¹
