1951 3720
402 344 572 445 378
719 346 1574 418 PANEcrnlcvs.

425 487 590 540 raptae
609 509 626 535 ‚
655 470 1015 540 perituraque
1054 469 1113 523 in
1142 466 1352 523 horreis
1388 468 1573 523 meffes
1592 508 1607 533 ‚
1640 469 1810 540 nequid·

427 562 589 615 quam
626 545 1001 613 quiritantibus
1030 543 1195 596 sociis
1217 544 1537 598 auferuntur.
1575 546 1810 599 Devehunt

427 617 537 687 ipsi
557 621 702 687 quod
735 635 873 672 terra
902 618 1090 689 genuit
1108 656 1124 682 ‚
1164 619 1311 687 quod
1341 617 1482 670 sidus
1518 617 1642 670 aluit
1661 657 1676 680 ,
1706 620 1811 687 quod

427 708 598 745 annus
635 694 758 744 tulit
789 711 803 746 ι
843 709 941 745 nec
985 692 1150 745 novis
1185 690 1564 744 indiEtionibus
1597 692 1744 759 pressi
1768 694 1812 745 ad

403 781 614 819 -vetera
659 767 854 819 tributa
888 766 1163 819 deficiunt.
1224 766 1366 817 Emit
1418 764 1573 817 fiscus
1613 765 1814 834 quidquid

426 840 644 893 videtur
675 857 890 900 emete3
928 841 1053 892 inde
1103 839 1273 908 copiae
1295 877 1315 904 ‚
1347 837 1470 891 inde
1510 853 1739 901 annona,
1769 840 1812 891 de

427 929 533 982 qua
580 914 722 966 inter
763 915 1018 966 licentem
1064 915 1499 981 vendentemque
1540 911 1811 965 conveniat:

411 985 556 1039 ¹inde
585 988 669 1039 hic
692 986 901 1039 satietas
923 1026 939 1052 ‚
977 1002 1073 1039 nec
1095 987 1262 1039 fames
1285 986 1527 1055 usquam.

414 1081 420 1086 ·
500 1059 682 1112 XXX.
729 1059 996 1130 AEgyptus
1030 1060 1231 1113 alendis
1268 1058 1625 1129 augendisque
1658 1055 1814 1111 semini·

425 1132 525 1186 bus
565 1133 638 1186 ita
670 1134 895 1204 gloriata
924 1133 1039 1198 est,
1076 1148 1137 1186 ut
1172 1133 1308 1186 nihil
1331 1132 1589 1187 imbribus
1622 1135 1817 1201 coeloque

426 1206 679 1259 deberet:
719 1206 986 1276 siquidem
1021 1206 1247 1276 proprio
1303 1206 1516 1275 semper
1564 1222 1704 1258 amne
1739 1221 1818 1273 per·

407 1279 582 1344 -fusa,
622 1296 720 1332 nec
756 1280 866 1333 alio
903 1296 1098 1351 genere
1139 1296 1392 1349 aquarum
1432 1279 1591 1333 solita
1634 1277 1819 1349 pingues·

411 1369 591 1417 ·,cere
622 1370 780 1422 quam
823 1370 951 1423 quas
988 1353 1103 1422 ipse
1133 1355 1464 1417 devexerat,
1499 1353 1652 1406 tantis
1678 1351 1820 1436 segeti·

414 1426 529 1480 -bus
550 1426 896 1492 induebatur,
919 1441 981 1479 ut
998 1443 1121 1479 cum
1142 1426 1489 1480 feracissimis
1521 1426 1692 1489 terris
1712 1422 1819 1510 quasi

419 1515 721 1569 numquam
744 1499 974 1565 cessura,
1016 1515 1258 1554 certaret.
1296 1502 1429 1552 Haec
1466 1500 1682 1569 inopina
1706 1498 1820 1552 sicci·

421 1586 540 1626 :tate
574 1575 740 1641 usque
776 1576 840 1626 ad
871 1573 1120 1639 injuriam
1154 1574 1447 1627 sterilitatis
1478 1574 1708 1632 exaruit,
1737 1570 1823 1640 quia
1870 1616 1871 1627 ,

427 1646 589 1717 epiger
643 1647 799 1700 Nilus
847 1647 1152 1700 cunQanter
1186 1651 1344 1700 alveo
1382 1647 1495 1700 sese
1534 1664 1593 1700 ac
1633 1643 1823 1716 languidi·

431 1722 736 1784 extulerat,
775 1720 1078 1791 ingentibus
1110 1722 1326 1790 quidem
1364 1735 1498 1773 tunc
1544 1736 1740 1791 quoque
1764 1719 1826 1770 ine

433 1792 773 1858 fluminibuS‚
793 1795 1102 1848 fluminibus
1133 1809 1312 1847 tamen
1334 1796 1700 1849 conferendus.
1727 1790 1826 1843 Hinc

433 1884 558 1937 pars
597 1885 784 1940 magna
831 1884 1088 1923 terrarum
1127 1869 1296 1939 mergi
1341 1870 1677 1938 repararique
1716 1881 1826 1919 amne
1872 1907 1873 1916 ,

434 1941 688 1995 consueta
740 1945 850 1995 alto
903 1946 1127 2012 pulvere
1166 1942 1457 1995 incanduit.
1518 1941 1709 1995 Frustra
1739 1953 1826 1991 tunc

435 2014 703 2085 AEgyptus
741 2015 919 2070 nubila
954 2015 1216 2085 optavit,
1260 2019 1574 2085 coelumque
1608 2013 1826 2083 respexit,

431 2105 607 2158 quum
653 2090 767 2159 ipse
816 2090 1182 2144 foecunditatis
1226 2107 1416 2159 patens
1469 2088 1767 2143 contrastior
1793 2087 1829 2137 δι

431 2163 637 2216 exilior
681 2164 870 2216 iisdem
916 2166 1211 2217 ubertatem
1258 2164 1372 2229 ejus
1421 2163 1552 2216 anni
1593 2159 1829 2233 angustiis

433 2236 629 2305 quibus
670 2237 1040 2290 abundantiam
1076 2238 1264 2303 suam,
1299 2237 1634 2292 cohibuiffet.
1688 2237 1829 2302 Neque

433 2310 586 2363 enim
619 2310 791 2363 solum
827 2329 997 2381 vagus
1033 2311 1167 2376 ine,
1199 2330 1364 2381 quum
1396 2311 1734 2381 expanditur,
1758 2322 1832 2358 am·

433 2382 522 2435 nis
573 2383 710 2436 intra
759 2386 1005 2454 usurpata
1054 2386 1263 2453 semper
1319 2385 1546 2439 collium
1597 2382 1832 2437 substiterat

435 2470 597 2526 atque
651 2458 907 2522 haeserat‚
946 2460 1036 2511 sed
1090 2458 1284 2527 supino
1332 2462 1498 2512 etiam
1540 2476 1602 2511 ac
1635 2451 1833 2511 clementi

433 2530 598 2594 solo,
637 2548 751 2584 non
802 2532 1012 2602 placido
1049 2533 1101 2585 se
1145 2532 1406 2602 mollique
1445 2532 1598 2601 lapsu
1642 2531 1832 2597 refugum

435 2603 768 2665 abstulerat3
818 2607 870 2658 δι
921 2608 1147 2658 necdum
1206 2606 1334 2659 satis
1385 2608 1668 2658 humentes
1711 2615 1833 2654 terras

435 2677 704 2731 addiderat
736 2679 1021 2732 arentibus.
1059 2677 1230 2748 Igitur
1262 2679 1647 2742 inundatione,
1685 2678 1731 2728 id
1754 2672 1833 2734 est,

437 2753 677 2804 ubertate
720 2754 872 2822 regio
910 2753 1179 2817 fraudata,
1223 2753 1300 2806 sic
1344 2770 1506 2822 opem
1540 2750 1745 2805 Caesaris
1774 2746 1836 2798 in·

436 2826 710 2888 vocavit,
747 2841 807 2877 ut
852 2825 989 2878 solet
1033 2844 1243 2879 amnem
1300 2828 1492 2879 suum.
1525 2840 1625 2878 nec
1664 2819 1837 2889 longius

437 2897 522 2950 illi
560 2900 901 2951 adversorum
947 2900 1048 2952 fuit
1080 2900 1355 2968 spatium,
1391 2916 1549 2983 quam
1581 2899 1701 2950 dum
1730 2909 1837 2945 nuu-

437 2971 559 3025 tiat.
623 2973 759 3025 Tam
795 2974 1015 3039 velox
1057 2974 1284 3040 Cesar,
1331 2972 1573 3043 potentia
1623 2985 1707 3023 tua
1750 2963 1811 3019 est
1824 2999 1838 3028 ο
