1951 3720
337 335 473 409 174
647 313 919 380 CAII
992 311 1413 382 ΡιιΝ“ιι

323 434 586 505 Equidem
621 436 804 489 beatos
841 450 975 504 puto
998 473 1016 497 ‚
1054 434 1249 503 quibus
1274 434 1521 485 Deorum
1549 446 1784 485 munere

325 510 507 561 datum
539 508 612 561 est
648 524 736 561 aut
767 508 938 561 facere
967 508 1235 560 scribenda
1256 547 1271 571 ‚
1308 519 1397 559 aut
1433 505 1666 559 scribere
1700 507 1786 558 le-

327 585 534 653 genda3
570 581 906 635 beatissimos
936 580 1073 635 vero
1098 581 1287 650 quibus
1306 595 1612 648 utrumque.
1654 579 1786 630 Ho-

327 672 449 708 rum
472 657 529 707 in
559 672 783 708 numero
815 658 1112 708 avunculus
1144 671 1293 706 meus
1323 654 1376 705 &
1405 652 1512 705 suis
1543 652 1702 705 libris
1731 652 1787 704 δε

326 729 436 781 tuis
470 728 591 781 erit.
624 727 752 794 Quo
776 729 1032 782 libentius
1057 728 1288 796 suscipio
1306 766 1323 791 ‚
1355 726 1588 794 deposco
1614 723 1787 777 etiarn

330 803 476 872 quod
495 799 745 870 injungis.
783 804 905 855 Erat
938 800 1139 853 Miseni
1164 840 1179 864 ‚
1207 799 1520 868 classemque
1540 797 1788 866 imperio

328 874 560 943 praesens
595 876 824 943 regebat.
867 877 1089 927 Nonum
1129 873 1355 927 Kalend.
1398 873 1749 941 Septembres
1772 908 1793 933 ‚

328 946 467 1000 hora
504 946 615 999 fere
646 947 869 1016 septima
893 987 907 1013 ,
944 962 1113 999 mater
1158 947 1357 999 indicat
1393 946 1444 998 ei
1466 984 1481 1008 ‚
1523 960 1794 1013 apparere

331 1022 528 1072 nubem
558 1020 811 1073 inusitata
838 1021 889 1073 &
926 1020 1293 1091 magnitudine
1317 1021 1369 1073 &
1399 1018 1595 1087 specie.
1636 1017 1793 1069 Usus

331 1092 427 1145 ille
459 1093 570 1145 sole
591 1133 606 1157 ‚
643 1110 776 1146 mox
793 1092 984 1164 frigida
1005 1134 1020 1158 ‚
1054 1093 1351 1164 gustaverat
1371 1091 1548 1158 jacens
1573 1130 1588 1155 ,
1608 1090 1797 1143 stude·

332 1168 530 1234 batque
553 1185 567 1219 :
595 1166 767 1234 poscit
800 1168 968 1220 soleas
995 1205 1010 1230 ‚
1040 1166 1310 1219 adscendit
1327 1168 1509 1217 locum
1530 1204 1545 1228 ‚
1570 1180 1653 1218 ex
1676 1180 1793 1232 quo

337 1238 574 1291 maxime
606 1240 917 1292 miraculum
954 1239 1086 1293 illud
1117 1238 1356 1307 conspici
1385 1252 1615 1308 poterat.
1668 1238 1797 1289 Nu-

335 1312 429 1364 bes
457 1315 480 1382 (
501 1312 761 1365 incertum
780 1315 966 1381 procul
994 1312 1322 1365 intuentibus
1342 1328 1413 1363 ex
1433 1328 1544 1379 quo
1564 1324 1797 1374 monte,

338 1385 640 1436 Vesuvium
659 1383 807 1437 fuiffe
832 1386 1013 1453 postea
1036 1384 1313 1455 cognitum
1337 1383 1450 1452 est)
1483 1383 1796 1446 oriebatur,

337 1456 489 1520 cuius
526 1457 931 1511 similitudinem
974 1459 1026 1511 &
1065 1459 1294 1511 formam
1329 1474 1442 1509 non
1475 1457 1578 1508 alia
1616 1455 1796 1526 magis

340 1532 497 1583 arbor
533 1529 691 1599 quam
724 1530 881 1599 pinus
917 1530 1246 1599 expresserit.
1285 1533 1422 1583 Nam
1457 1530 1796 1600 longissimo

339 1606 495 1656 velut
533 1619 724 1655 trunco
768 1605 903 1657 elata
938 1604 999 1655 in
1033 1606 1199 1656 altum
1224 1643 1240 1667 ,
1279 1603 1587 1672 quibusdam
1627 1603 1797 1657 ramis

344 1676 764 1737 diffundebatur,
790 1679 947 1729 credo
971 1717 987 1741 ‚
1020 1678 1144 1745 quia
1173 1677 1374 1745 recenti
1406 1675 1597 1744 spiritu
1628 1694 1798 1729 evec-

346 1756 438 1813 ta',
478 1750 664 1802 deinde
706 1750 1006 1803 senescente
1047 1768 1116 1802 eo
1162 1749 1403 1802 destituta
1438 1789 1453 1813 ‚
1490 1765 1582 1801 aut
1625 1750 1797 1802 etiam

345 1825 582 1892 pondere
622 1826 719 1876 suo
753 1822 895 1876 victa
918 1863 933 1888 ,
977 1823 1037 1876 in
1065 1823 1400 1876 latitudinem
1436 1824 1796 1884 vanescebat;

344 1897 565 1949 candida
610 1896 875 1949 interdum
906 1935 921 1960 ‚
964 1896 1230 1950 interdum
1269 1897 1476 1949 sordida
1514 1898 1568 1948 ὅ(
1612 1915 1798 1950 macu-

347 1970 462 2022 losa
493 2008 507 2032 ,
546 1985 705 2037 prout
745 1983 939 2022 terram
977 1969 1282 2022 cineremve
1319 1969 1612 2022 sustulerat.
1672 1971 1797 2023 Ma-

347 2059 513 2113 gnum
560 2042 883 2111 propiusque
925 2044 1248 2096 noscendum
1271 2082 1286 2106 ‚
1322 2058 1385 2094 ut
1425 2042 1797 2096 eruditissimo

295 2141 297 2143 >
348 2115 475 2167 viro
497 2155 512 2178 ‚
532 2115 727 2169 visum.
767 2116 794 2170 J
801 2118 923 2187 ubet
951 2116 1285 2168 Liburnicam
1310 2115 1478 2184 aptari
1507 2135 1521 2168 z
1545 2115 1726 2179 mihi,
1751 2116 1798 2169 si

349 2189 538 2241 venire
574 2187 680 2240 una
709 2191 937 2252 vellem,
974 2189 1102 2241 facit
1118 2189 1347 2256 copiam.
1388 2189 1667 2257 Respondi
1695 2188 1795 2241 stu-

351 2263 476 2314 dere
518 2279 603 2314 me
642 2264 797 2315 malle
828 2281 844 2322 3
884 2263 936 2314 δε
981 2260 1120 2314 forte
1163 2262 1274 2330 ipse
1326 2264 1469 2330 quod
1512 2263 1797 2317 scriberem

350 2335 581 2388 dederat.
623 2335 995 2404 Egrediebatur
1029 2337 1229 2399 domo,
1267 2335 1462 2403 accipit
1493 2335 1797 2388 codicillos·

352 2407 561 2460 Retinae
606 2407 891 2462 classiarii
920 2408 1240 2462 imminenti
1270 2407 1510 2476 periculo
1552 2408 1799 2460 exterriti

354 2483 379 2550 (
410 2498 532 2534 nam
571 2480 701 2533 villa
733 2499 796 2534 ea
830 2481 1121 2550 subjacebat
1141 2523 1155 2546 ,
1181 2498 1279 2534 nec
1299 2483 1406 2533 ulla
1429 2480 1536 2533 nisi
1574 2481 1799 2534 navibus

354 2554 520 2623 suga)
552 2569 612 2606 ut
660 2555 714 2607 se
767 2570 919 2607 tanto
957 2554 1247 2608 discrimini
1291 2554 1520 2622 eriperet
1559 2557 1797 2610 orabant.

356 2628 541 2680 Vertit
581 2627 672 2679 ille
710 2628 996 2680 consilium
1017 2666 1032 2690 ‚
1068 2629 1121 2680 δε
1165 2629 1309 2696 quod
1343 2626 1580 2679 studioso
1619 2629 1799 2681 animo

354 2699 701 2754 inchoaverat
733 2741 748 2765 ‚
791 2702 906 2753 obit
942 2701 1202 2753 maximo.
1260 2699 1492 2752 Deducit
1529 2701 1799 2769 quadrire-

356 2790 471 2826 mes
511 2813 525 2836 ,
578 2773 841 2826 adscendit
890 2774 1000 2840 ipse
1042 2785 1156 2825 no'n
1203 2772 1409 2825 Retinae
1463 2774 1632 2826 modo
1658 2813 1675 2838 ‚
1717 2773 1801 2825 sed

359 2847 543 2899 multis
565 2848 586 2915 (
617 2859 728 2899 erat
748 2846 893 2899 enim
913 2848 1161 2914 frequens
1179 2845 1461 2898 amoenitas
1496 2846 1648 2912 orae)
1673 2848 1797 2898 latu·

359 2937 450 2972 rus
486 2919 766 2975 auxilium.
806 2919 1062 2989 Properat
1099 2920 1225 2974 illuc
1255 2921 1395 2974 unde
1423 2918 1517 2974 alii
1546 2919 1760 2991 fugiunt
1774 2936 1792 2977 3
