1951 3720
386 268 533 350 '432
694 258 1545 329 Pani-cramus

387 378 582 447 potest.
623 378 826 450 Diligis
864 396 998 449 ergo
1036 396 1202 448 quum
1244 378 1478 449 diligaris
1513 418 1531 444 ‚
1584 379 1643 432 &
1680 376 1740 432 in
1776 397 1837 436 eo

382 455 534 520 quod¹
568 453 838 521 utrimque
881 452 1320 505 honestissimum
1357 452 1430 505 est
1455 493 1471 517 ‚
1520 468 1646 505 tota
1677 456 1839 523 gloria

379 540 472 581 tua
501 525 575 578 est
594 565 610 589 ‚
650 526 743 594 qui
775 526 1019 594 superior
1055 525 1223 580 fadus
1259 526 1533 578 descendis
1564 527 1629 578 in
1660 528 1839 580 omnia

376 599 753 651 familiaritatis
776 600 993 663 officia,
1037 599 1092 652 &
1125 598 1184 651 in
1225 599 1456 651 amicum
1489 616 1565 651 ex
1607 599 1842 667 impera-

378 685 498 723 tore
522 672 877 727 submitteris:
899 672 1075 725 immo
1094 687 1221 725 tunc
1242 672 1480 724 maxime
1504 672 1835 739 imperator,

376 761 545 813 quum
567 745 800 797 amicum
818 762 891 797 ex
907 746 1240 814 imperatore
1258 745 1393 814 agis
1430 745 1658 798 Etenim
1679 763 1834 814 quum

372 819 622 885 plurimis
663 819 918 870 amicitiis
950 820 1170 872 fortuna
1206 818 1520 885 Principum
1557 818 1830 886 indigeat,

388 891 718 960 praecipuum
753 890 828 944 est
867 891 1133 960 Principis
1171 909 1345 959 opus,
1388 891 1601 943 amicos
1640 907 1833 958 parare.

388 963 597 1016 Placeat
630 965 728 1016 tibi
759 964 971 1031 semper
1017 966 1133 1017 haec
1167 964 1356 1027 sesta,
1413 966 1470 1016 ὃ(
1505 981 1680 1033 quum
1715 965 1830 1017 alias

386 1037 616 1089 virtutes
646 1051 799 1100 tuas,
837 1053 952 1089 tum
975 1037 1110 1090 hanc
1140 1036 1577 1090 constantissime
1609 1053 1823 1102 teneas,

384 1126 485 1163 nec
503 1127 755 1178 umquam
773 1111 1179 1178 persuadeatur,
1211 1111 1415 1163 humile
1433 1110 1541 1162 effe
1560 1111 1827 1178 principi,

384 1182 493 1236 nisi
511 1182 695 1237 odisse.
735 1184 1191 1237 Iucundissimum
1219 1183 1337 1236 est
1323 1200 1380 1235 in
1409 1186 1571 1236 rebus
1591 1184 1831 1237 humanis

385 1257 586 1320 amari,
621 1257 713 1310 sed
741 1274 852 1309 non
874 1257 1053 1311 minus
1084 1273 1294 1310 amare:
1333 1273 1570 1325 quorum
1604 1274 1830 1326 utroque

381 1329 461 1382 ita
487 1295 676 1384 fru’eris
696 1370 712 1393 ‚
745 1344 805 1387 ut
841 1348 1008 1399 quum
1048 1331 1161 1399 ipse
1194 1330 1569 1385 ardentissime
1606 1331 1790 1400 diligas
1811 1370 1828 1395 ,

384 1405 552 1462 adhuc
591 1420 772 1456 tamen
809 1404 1077 1459 ardentius
1098 1404 1347 1473 >diligaris
1379 1423 1395 1463 3
1428 1402 1673 1470 primum
1711 1404 1833 1472 quia

383 1476 592 1531 facilius
632 1477 707 1530 est
737 1494 903 1529 unum
945 1495 1121 1531 amare
1149 1476 1312 1546 quam
1346 1478 1593 1536 miiltos3
1645 1477 1829 1530 deinde

385 1551 513 1619 quia
561 1551 662 1604 tibi
699 1551 902 1607 amicos
940 1566 1067 1604 tuos
1112 1549 1384 1620 obligandi
1420 1549 1564 1602 adest
1612 1550 1828 1606 facultas

384 1639 531 1678 tanta
549 1665 567 1690 ,
606 1639 668 1676 ut
696 1635 864 1681 nemo
898 1624 1078 1694 possit
1109 1639 1162 1676 te
1199 1664 1216 1689 ,
1259 1623 1366 1677 nisi
1395 1622 1641 1693 ingratus
1667 1662 1690 1688 ,
1725 1641 1831 1678 non

385 1699 555 1768 magis
585 1716 779 1751 amate.

456 1773 768 1839 LXXXVI.
811 1771 1009 1840 Operae
1047 1770 1279 1841 pretium
1309 1770 1384 1825 est
1407 1771 1609 1824 referre
1632 1810 1649 1835 ,
1691 1771 1831 1840 quod

350 1910 361 1916 ὑ
384 1862 713 1904 tormentum
736 1845 834 1899 tibi
856 1843 1156 1911 injunxeris
1180 1885 1197 1910 ‚
1236 1863 1305 1902 ne
1325 1845 1454 1915 quid
1472 1845 1656 1900 amico
1682 1863 1829 1915 nega·

382 1937 486 1988 res.
525 1919 793 1978 Dimisisti
819 1915 1091 1987 optimum
1109 1919 1289 1972 virum
1307 1958 1324 1983 ,
1365 1918 1575 1987 tibique
1616 1918 1830 1971 carissi·

329 2040 333 2044 .
383 2010 570 2058 mum,
607 1993 814 2047 invitus
843 1995 896 2047 δι
929 1993 1130 2057 tristis,
1164 1994 1219 2045 δι
1257 1993 1409 2062 quasi
1443 1993 1685 2045 retinere
1721 2009 1828 2045 non

381 2066 576 2134 poffes.
609 2068 883 2133 Quantum
912 2083 1115 2122 amares
1138 2083 1299 2129 eum,
1335 2066 1609 2118 desiderio
1634 2082 1826 2133 exper-

381 2154 468 2192 tus
507 2158 605 2204 es,
638 2140 904 2198 distraetus
945 2140 1313 2207 separatusque
1350 2179 1366 2202 ‚
1418 2141 1549 2192 dum
1587 2139 1738 2192 cedis
1777 2139 1829 2190 δι

380 2213 635 2267 vinceris.
669 2216 750 2266 lta
769 2214 914 2281 quod
935 2213 1096 2265 fando
1117 2212 1454 2276 inauditum,
1488 2230 1667 2280 quum
1687 2212 1829 2264 Prin·

304 2311 309 2315 ·
379 2302 507 2355 ceps
527 2289 584 2339 δι
603 2287 864 2354 Principis
884 2285 1087 2340 amicus
1105 2285 1312 2338 diversa
1338 2286 1599 2348 velletis,
1641 2285 1702 2337 id
1729 2302 1829 2353 po-

380 2359 483 2413 tius
527 2360 721 2412 saelum
761 2359 835 2412 est
877 2363 1023 2427 quod
1075 2358 1277 2412 amicus
1316 2361 1558 2412 volebat.
1612 2359 1675 2411 Ο
1718 2376 1829 2410 rem

381 2433 656 2486 memoria:
702 2432 1000 2501 litterisque
1048 2434 1394 2485 mandandam
1438 2438 1451 2486 l
1511 2432 1829 2501 praefectum

379 2506 619 2574 praetorii
644 2519 755 2570 non
773 2523 845 2558 ex
861 2506 1222 2575 ingerentibus
1246 2546 1265 2569 ‚
1294 2507 1382 2559 sed
1408 2522 1483 2562 ex
1510 2505 1832 2558 subtrahen-

378 2579 520 2632 tibus
552 2582 729 2649 legere
743 2599 766 2640 3
804 2582 1155 2648 eumdemque
1190 2580 1308 2632 otio
1333 2609 1353 2644 ‚-
1397 2582 1547 2648 quod
1583 2579 1830 2647 pertina-

379 2654 515 2706 citer
536 2669 677 2706 amet
689 2685 723 2715 ⁷-‚-
735 2655 956 2706 reddere
973 2672 993 2712 ·,
1020 2670 1294 2721 quumque
1314 2652 1391 2705 sis
1420 2652 1535 2721 ipse
1556 2652 1828 2708 ,distentus

377 2726 595 2795 imperii
624 2725 764 2780 curis
788 2765 800 2788 ‚
833 2743 947 2782 non
973 2727 1170 2795 quietis
1193 2726 1369 2796 gloria
1388 2725 1645 2794 cuiquam
1677 2727 1828 2777 invi-

378 2801 521 2854 dere.
561 2798 918 2869 Intelligimus
940 2839 956 2863 ‚
1013 2800 1185 2853 Caesar
1206 2839 1222 2863 ‚
1276 2814 1533 2867 quantum
1568 2799 1679 2851 tibi
1722 2816 1827 2866 pro

377 2873 641 2934 laboriosa
681 2872 782 2936 ista*
814 2872 1039 2930 statione
1090 2874 1149 2928 δι
1200 2872 1435 2933 exercita
1481 2874 1780 2928 debeamus
1811 2911 1828 2934 ,

1657 2962 1829 3017 quum
