1951 3720
307 305 714 379 ΤκΑῙΑΝ
739 326 792 376 o
854 324 916 375 D
938 324 975 375 1
1000 322 1041 377 c
1066 325 1113 376 τ
1139 322 1280 378 vs.
1404 324 1547 399 401

111 426 325 480 minatis
349 428 575 482 vocibus
597 469 612 493 ‚
636 429 811 482 modis
831 466 847 493 ‚
879 428 1104 499 gestibus
1138 430 1548 499 frangerentur?

113 500 211 552 Sed
257 501 389 554 illud
430 504 706 572 indignum
743 542 760 568 ‚
806 501 950 572 quod
990 505 1181 556 eodem
1217 517 1461 570 tempore
1498 502 1559 555 in

98 573 298 626 senatu
344 576 397 627 &
439 576 496 627 in
540 576 690 630 scena
724 615 739 639 ,
781 579 844 628 ab
882 574 1137 630 histrione
1174 577 1227 628 &
1271 592 1299 627 a
1341 575 1558 627 consule

113 648 475 702 laudabantur.
504 650 588 701 Tu
612 652 800 718 procul
830 666 859 701 a
888 650 969 702 tui
995 651 1141 701 cultu
1169 650 1391 701 ludicras
1418 659 1557 701 artes

112 720 408 775 removisti.
454 722 600 774 Seria
654 738 785 791 ergo
835 736 887 775 te
939 722 1173 774 carmina
1210 760 1225 785 ,
1274 723 1558 790 honorque

97 807 343 847 -aeternus
382 795 651 848 annalium
672 834 688 859 ‚
713 811 826 847 non
859 796 973 847 haec
1006 794 1185 851 brevis
1226 796 1279 846 δι
1315 795 1555 861 pudenda

112 867 420 933 praedicatio
451 869 583 920 colit
608 887 620 920 ε
649 869 778 936 quin
810 869 972 920 etiam
1006 866 1159 920 tanto
1190 867 1397 929 majore-
1423 884 1556 920 con·

113 939 262 991 sensu
303 941 367 992 in
395 941 801 996 venerationem
833 942 911 993 tui
949 942 1149 993 theatra
1185 940 1297 1008 ipsa
1330 941 1554 992 consur·

115 1027 237 1081 gent
258 1052 275 1076 ‚
316 1013 527 1082 quanto
557 1015 728 1083 magis
763 1016 828 1066 de
869 1028 926 1066 te
961 1015 1128 1065 scenae
1167 1014 1413 1065 silebunt.
1456 1016 1561 1066 Sed

114 1086 236 1154 quid
273 1103 388 1156 ego
421 1086 551 1138 istud
586 1088 818 1140 admiror
841 1124 856 1149 ,
882 1102 1046 1155 quum
1081 1102 1178 1138 eos
1215 1102 1430 1154 quoque
1462 1087 1562 1138 ho-

101 1162 311 1222 nores,
336 1160 428 1228 qui
463 1159 558 1211 tibi
593 1177 623 1212 a
658 1160 817 1212 nobis
854 1159 1151 1211 offeruntur
1171 1200 1185 1221 ‚
1206 1175 1294 1210 aut
1329 1159 1560 1211 delibare

115 1232 432 1300 parcissime
451 1273 466 1296 ‚
500 1247 590 1285 aut
620 1234 847 1285 omnino
883 1234 1053 1285 soleas
1094 1233 1326 1284 recusare
1353 1235 1374 1283 ἓ
1410 1232 1561 1285 Nihil

116 1304 232 1358 ante
275 1321 391 1357 tam
421 1308 640 1375 vulgare
668 1344 690 1370 ,
725 1320 832 1359 tam
869 1321 1096 1373 parvum
1132 1305 1188 1357 in
1221 1305 1401 1356 senatu
1435 1321 1562 1373 age-

117 1378 265 1432 batur
290 1417 310 1440 ‚
346 1393 410 1429 ut
444 1395 555 1430 non
592 1379 828 1431 laudibus
864 1378 1170 1445 Principum
1202 1379 1563 1433 immoraren-

115 1465 199 1502 tur
230 1491 245 1514 ‚
288 1450 705 1520 quibuscumque
743 1451 989 1504 censendi
1028 1451 1316 1503 necessitas
1353 1451 1565 1503 accidis-

119 1524 212 1576 set.
245 1526 341 1575 De
370 1523 675 1592 ampliando
709 1540 936 1576 numero
966 1524 1313 1592 gladiatorum
1335 1562 1349 1586 ‚
1375 1540 1464 1575 aut
1492 1524 1565 1577 de

104 1595 442 1649 instituendo
476 1598 710 1667 collegio
727 1656 732 1659 ,
749 1599 1017 1650 fabrorum
1050 1598 1449 1648 consulebantur
1469 1637 1484 1659 ‚
1511 1599 1566 1650 ἀ

118 1670 268 1738 quasi
295 1671 522 1738 prolatis
552 1669 767 1739 imperii
801 1670 1036 1732 finibus:
1063 1682 1202 1721 nunc
1223 1669 1468 1738 ingentes
1491 1687 1567 1722 ar·

101 1758 206 1796 :cus
227 1782 244 1806 ‚
266 1742 676 1811 exceffurosque
712 1747 1037 1811 templorum
1058 1742 1324 1812 fastigium
1340 1741 1565 1808 titulos,

118 1831 258 1871 nune
297 1817 505 1869 menses
529 1817 695 1869 etiam
720 1854 736 1880 ‚
763 1833 866 1870 nec
896 1817 997 1870 hos
1038 1816 1278 1887 singulos
1299 1855 1314 1879 ‚
1354 1815 1565 1870 nomini

120 1893 392 1944 Caesarum
424 1890 744 1944 dicabamu‘s.
787 1890 1124 1944 Patiebantur
1150 1890 1230 1941 illi
1252 1930 1267 1953 ‚
1292 1890 1344 1941 &
1364 1928 1380 1951 ,
1415 1890 1569 1958 quasi

102 1963 437 2017 .meruiffent
460 2003 475 2026 ‚
507 1965 833 2017 laetabantur.
871 1966 943 2015 At
981 1979 1121 2016 nune
1151 1963 1271 2032 quis
1296 1962 1530 2015 nostrum
1550 2002 1568 2028 ‚

117 2049 394 2107 tamquam
451 2038 648 2090 oblitus
692 2036 807 2101 ejus
854 2037 920 2089 de
970 2054 1085 2108 quo
1127 2038 1348 2089 refertur
1370 2075 1385 2098 ‚
1439 2053 1566 2088 cen-

101 2110 266 2164 :feudi
304 2110 543 2162 officium
574 2109 834 2179 Principis
866 2111 1078 2161 honore
1109 2110 1416 2162 consumit?
1436 2110 1567 2162 Tuae

118 2183 513 2237 moderationis
552 2185 664 2236 haec
705 2185 819 2236 lans
845 2221 860 2246 ,
897 2182 1191 2235 constantia
1231 2181 1403 2234 nostra
1445 2201 1462 2241 3
1513 2185 1569 2236 δε

101 2257 215 2310 -tibi
253 2256 602 2324 obsequimur
625 2295 641 2320 ,
678 2256 822 2325 quod
859 2256 918 2307 in
953 2256 1152 2307 curiam
1175 2294 1191 2319 ‚
1215 2272 1329 2308 non
1365 2256 1431 2308 ad
1461 2269 1574 2309 cer·

103 2343 307 2384 tamen
358 2330 722 2385 adulationum
763 2369 778 2392 ‚
824 2329 914 2381 sed
958 2332 1024 2380 ad
1065 2329 1217 2381 usum
1273 2330 1569 2399 munusque

117 2401 335 2469 justitiae
377 2403 768 2463 convenimus3
801 2404 941 2454 hanc
970 2402 1302 2470 simplicitati
1337 2417 1441 2454 tuae
1474 2414 1570 2456 ve·

117 2477 378 2546 ritatique
409 2476 629 2545 gratiam
660 2476 876 2529 relaturi
897 2515 912 2538 ,
932 2489 994 2527 ut
1021 2490 1074 2527 te
1104 2492 1223 2543 quae
1250 2476 1337 2527 vis
1359 2516 1374 2539 ‚
1393 2478 1569 2540 velle,

120 2568 239 2619 quae
277 2565 393 2603 non
424 2548 511 2601 vis
537 2589 552 2614 ‚
578 2551 726 2601 nolle
757 2550 1046 2601 credamus,
1080 2549 1372 2617 Incipimus
1409 2548 1530 2601 inde
1552 2587 1569 2613 ‚

119 2625 421 2676 desinimus
459 2622 534 2673 ibi
556 2661 571 2686 ,
605 2639 637 2674 a
663 2639 773 2690 quo
805 2622 1010 2690 incipi,
1038 2621 1096 2672 in
1128 2638 1238 2689 quo
1274 2621 1445 2674 desini
1476 2623 1569 2675 sub

105 2700 230 2751 ‚alio
277 2693 527 2763 Principe
575 2709 688 2747 non
737 2694 924 2762 pofl‘et.
979 2695 1116 2745 Nam
1166 2695 1447 2764 plerosque
1500 2711 1589 2749 ex,

120 2769 356 2823 decretis
392 2768 689 2821 honoribus
726 2768 779 2820 δι
814 2768 907 2820 alii
944 2784 1061 2819 non
1094 2782 1410 2834 receperunt
1434 2787 1451 2820 t
1474 2785 1570 2821 ne-

120 2855 217 2899 m'o
251 2839 594 2895 antemnam
623 2841 766 2904 fuit,
802 2856 862 2893 ut
901 2837 1200 2892 crederetui-
1235 2839 1458 2894 noluifl‘e
1488 2843 1576 2895 de-

123 2916 294 2973 cerni.
324 2915 490 2985 Quod
507 2913 799 2986 egotitulis
825 2913 1079 2974 omnibus
1105 2911 1401 2984 speciosius
1419 2929 1574 2979 reor,
