1951 3720
394 343 535 426 426
685 318 1548 405 Panacixlctss

396 452 627 510 nimium
661 455 767 510 effe
805 456 1036 526 privatis
1068 496 1084 522 ,
1137 458 1284 527 quod
1316 455 1557 525 Principi
1594 455 1716 509 satis
1743 455 1818 511 est.

392 518 654 595 Animas,
706 532 918 596 Caesar,
968 531 1322 599 optantibus,
1368 530 1669 600 quibusque
1704 532 1821 597 apud

394 605 526 658 deos
546 601 713 657 adeffe
735 603 1036 669 consuesti,
1066 621 1298 674 quorum
1315 617 1477 672 potes
1495 603 1654 672 ipse,
1684 618 1821 654 voto-

397 694 518 730 rum
547 682 829 745 compotes
851 678 1035 732 facias.

468 750 719 805 LXXIX.
756 750 988 804 Fortafl'e
1018 749 1238 803 sufficiat
1259 749 1359 803 tibi
1379 748 1582 802 tertius
1608 748 1823 801 consula·

397 837 483 877 tus
504 843 518 877 t
545 825 633 877 sed
656 823 814 878 nobis
832 823 983 878 tanto
1007 824 1186 876 minus
1204 825 1417 878 sufficit.
1448 825 1557 875 Ille
1588 839 1688 874 nos
1708 820 1824 873 insti·

396 897 503 950 tuit
523 899 576 950 &
598 897 843 963 induxit,
872 914 933 950 ut
949 913 1004 951 te
1026 898 1222 950 iterum
1241 898 1550 966 iterumque
1577 895 1824 948 consulem

393 971 590 1025 babere
642 970 938 1040 cupiamus.
997 970 1294 1024 Remissius
1331 970 1469 1023 istud
1505 971 1826 1021 contendere·

399 1060 517 1096 mus
534 1084 549 1107 ‚
573 1044 799 1098 siadhuc
819 1061 933 1098 non
952 1044 1206 1098 sciremus
1229 1084 1244 1109 ,
1271 1044 1444 1114 qualis
1467 1040 1607 1095 effes
1626 1042 1826 1096 fumms.
1892 1096 1893 1111 2

398 1117 751 1170 Tolerabilius
801 1118 905 1171 fuit
940 1156 957 1182 ,
1021 1117 1455 1186 experimentum
1501 1116 1589 1168 tui
1643 1115 1784 1168 nobis
1811 1153 1827 1178 ,
1892 1148 1893 1177 χ

398 1188 559 1257 qutim
577 1191 729 1243 usum
749 1191 950 1260 negari.
986 1191 1284 1244 Dabiturne
1308 1190 1489 1242 rursus
1508 1189 1702 1242 'videre
1719 1205 1827 1240 con·

397 1264 566 1317 sulem
595 1264 793 1318 illum?
822 1265 999 1317 audiet
1019 1303 1035 1327 ‚
1073 1266 1255 1317 reddet
1287 1281 1416 1334 quas
1447 1261 1713 1332 proxime
1742 1279 1829 1314 vo·

398 1352 523 1398 ces;
561 1336 928 1407 praestabitque
969 1337 1217 1407 gaudium
1237 1377 1254 1402 ,
1295 1353 1564 1407 quantum
1590 1336 1700 1405 ipse
1728 1351 1830 1403 per·

397 1410 602 1478 cipiet?
637 1411 943 1478 praesidebit
967 1411 1171 1464 laetitiae
1191 1412 1416 1478 publicae
1440 1409 1639 1463 auctor
1668 1407 1768 1473 eius
1789 1408 1830 1460 δι

399 1483 552 1536 causa
583 1487 605 1538 ?
658 1484 987 1554 tentabitque
1021 1483 1242 1536 affeelus
1281 1483 1538 1548 nostros,
1591 1498 1652 1535 ut
1680 1484 1828 1543 solet,

397 1556 685 1620 cohibere,
722 1573 819 1612 nec
848 1557 1051 1626 poterit
1075 1562 1096 1613 ἒ
1127 1557 1323 1610 Pietati
1346 1558 1567 1610 senatus
1589 1573 1709 1609 cum
1733 1571 1832 1607 mo·

398 1629 562 1683 destia
602 1596 866 1698 Principis
908 1631 1043 1683 felix
1090 1630 1496 1700 speciosumque
1542 1645 1794 1682 certamen
1816 1667 1831 1691 ,
1892 1680 1893 1685 ,

401 1704 496 1757 seu
522 1703 681 1756 fuerit
700 1704 879 1768 vieta,
922 1704 1015 1757 seu
1043 1704 1277 1758 vicerit
1266 1709 1277 1742 ¹
1315 1704 1624 1787 Equidem
1609 1701 1831 1771 incogni·
1892 1702 1893 1745 ἓ

402 1790 511 1828 tam
563 1779 844 1845 quamdam
880 1776 1239 1860 proximaque
1276 1776 1548 1842 majorem
1595 1777 1830 1860 praesumo
1892 1806 1893 1837 ἦ

400 1849 662 1905 laetitiam.
701 1851 839 1917 Quis
870 1849 1015 1910 enim
1043 1849 1117 1903 est
1146 1867 1255 1903 tam
1287 1849 1579 1904 imbecilli
1592 1848 1829 1935 ingenio3

402 1923 498 1992 qui
515 1940 628 1977 non
648 1924 799 1976 tanto
822 1918 1104 1977 meliorem
1124 1925 1397 1976 consulem
1417 1924 1635 1993 speret,
1656 1921 1829 1991 quanto
1892 1933 1893 1996 χ

402 1996 594 2065 saepius
631 1998 833 2050 fuerit?
866 1998 1020 2050 Alius
1058 1998 1304 2062 labores,
1348 1997 1397 2049 si
1433 2014 1554 2049 non
1596 1993 1830 2049 continuo
1892 2051 1893 2062 γ

373 2070 457 2122 ·se
494 2070 708 2123 desidiae
748 2087 809 2123 ac
842 2070 1114 2138 voluptati
1134 2037 1349 2123 dediflzet
1369 2110 1385 2133 ‚
1427 2070 1554 2123 otio
1593 2085 1764 2122 tamen
1789 2068 1829 2119 δι

405 2143 587 2211 quiete
609 2143 921 2197 recreafl‘et:
959 2144 1049 2196 hic
1078 2143 1440 2197 consularibus
1470 2143 1620 2196 curis
1652 2142 1832 2195 exsolu-

404 2230 491 2269 tus
514 2256 529 2279 ‚
569 2217 890 2285 principales
928 2217 1212 2286 resumpsit
1234 2258 1249 2283 ,
1290 2233 1400 2269 tam
1440 2217 1678 2287 diligens
1718 2231 1830 2267 tem-

404 2291 703 2358 peramenti
725 2330 740 2355 ,
772 2306 834 2343 ut
873 2308 972 2343 nec
1001 2290 1236 2343 consulis
1278 2291 1518 2343 officium
1557 2291 1798 2357 Princeps
1818 2325 1830 2349 ,

403 2379 505 2414 nec
560 2363 824 2432 Principis
873 2365 1057 2417 consul
1090 2363 1401 2434 oppeteret.
1479 2364 1746 2417 Videmus
1786 2374 1833 2412 ut

404 2436 810 2504 provinciarum
852 2435 1127 2493 desideriis
1163 2476 1180 2501 ,
1228 2452 1289 2491 ut
1329 2437 1663 2507 singularum
1694 2435 1832 2489 etiam

405 2509 689 2562 civitatum
735 2512 978 2579 precibus
1015 2527 1275 2565 occurrat.
1335 2513 1497 2564 Nulla
1536 2510 1601 2562 in
1636 2510 1832 2563 audien·

407 2584 480 2636 do
533 2582 807 2636 difficultas
846 2624 863 2649 ,
930 2587 1076 2636 nulla
1133 2585 1193 2637 in
1249 2584 1651 2653 respondendo¹
1686 2597 1829 2635 mora.

404 2658 617 2709 Adeunt
640 2656 812 2709 statim
830 2696 846 2720 ‚
894 2656 1233 2710 dimittuntur
1253 2656 1436 2710 statim
1473 2675 1497 2716 ⁰,
1535 2658 1830 2723 tandemque

404 2730 668 2799 Principis
723 2732 866 2786 fores
907 2732 1121 2785 exclusa
1164 2730 1495 2802 legationum
1547 2732 1701 2783 turba
1740 2741 1831 2779 non

410 2804 638 2857 obsidet.

481 2877 706 2931 LXXX.
725 2876 907 2943 Quid?
930 2876 987 2928 in
1007 2876 1258 2930 omnibus
1273 2876 1674 2946 cognitionibus
1694 2872 1829 2943 quiam

410 2949 560 3006 mitis
589 2951 845 3006 severitas
860 2989 879 3018 ,
909 2949 1070 3021 quem
1092 2968 1207 3005 non
1248 2950 1494 3005 dissoluta
1528 2947 1828 3005 clementia!
