1951 3720
409 245 892 316 TRAJANQ
946 258 1390 315 Dte-svs,
1489 268 1643 342 419⁷

181 363 327 422 ciam
355 368 557 423 rexerit
578 405 595 430 ,
625 383 742 418 non
763 365 968 420 tantum
993 365 1276 421 codicillos
1301 366 1598 424 amicorum
1619 378 1648 435 ,²

180 458 286 494 nec
323 440 520 494 urbana
554 437 927 506 coniuratione
961 441 1252 494 eblanditas
1284 458 1471 511 preces
1495 482 1512 507 ‚
1549 445 1640 498 sed

181 515 399 569 decreta
425 514 762 569 coloniarum
784 553 802 578 ‚
838 516 1047 568 decreta
1089 514 1377 568 civitatum
1407 518 1641 587 allegem

183 601 247 641 ut
265 587 531 659 suffragiis
552 587 910 641 consularium
920 588 1170 642 virorum
1193 590 1350 643 urbes
1372 629 1387 653 ‚
1415 591 1640 659 populi,

182 677 381 730 gentes
413 662 731 718 inserantur.
766 661 1200 715 Efficacissimum
1228 680 1331 731 pro
1361 665 1641 717 candidato

182 750 360 805 genus
376 734 452 787 est
468 734 691 805 rogandi
714 774 734 801 ,
769 736 961 806 gratias
983 752 1159 805 agere.

261 808 466 863 LXXI.
501 809 530 862 J
536 825 621 861 am
651 825 760 879 quo
782 807 986 863 affensu
1015 808 1224 862 senatus
1245 847 1263 873 ,
1303 826 1413 878 quo
1443 809 1639 880 gaudio

181 895 477 950 exceptum
506 880 581 935 est
614 887 627 936 ε
683 898 850 953 quum
884 882 1175 936 candidatis
1198 921 1215 948 ‚
1259 896 1321 935 ut
1369 900 1640 953 quemque

184 954 573 1008 nominaveras
594 994 611 1019 ‚
653 956 860 1013 osculo.
880 973 1185 1010 occurreres
1205 995 1223 1021 ,
1262 957 1502 1010 devexus
1526 959 1643 1027 qui·

183 1029 315 1080 dem
345 1028 403 1080 in
432 1031 651 1099 planum
677 1068 693 1094 ‚
728 1029 781 1083 &
811 1030 963 1099 quasi
990 1046 1128 1083 unus
1148 1046 1219 1082 ex
1237 1030 1640 1100 gratulantibus.

184 1101 275 1156 Te
295 1102 458 1156 mirer
481 1103 652 1172 magis
677 1142 695 1167 ‚
740 1119 810 1155 an
840 1103 1140 1172 improbem
1164 1102 1289 1156 illos
1319 1103 1414 1173 qui
1442 1103 1642 1157 effece-

186 1188 319 1227 runt
337 1215 354 1240 ‚
388 1190 454 1229 ut
477 1175 610 1228 istud
644 1191 895 1246 magnum
933 1176 1207 1229 videretur
1229 1211 1245 1237 ,
1298 1194 1463 1245 quum
1487 1181 1640 1231 velut

184 1249 336 1301 affixi
379 1250 647 1303 curulibus
689 1250 796 1302 suis
836 1266 1052 1303 manum
1097 1250 1304 1303 tautum
1330 1288 1345 1313 ‚
1409 1252 1463 1304 &
1502 1251 1638 1305 hane

184 1323 502 1375 cunctanter
549 1325 603 1377 &
639 1324 792 1394 pigre
832 1363 854 1387 ,.
908 1325 962 1377 &
1011 1323 1399 1391 imputantibus
1433 1323 1640 1378 similes

185 1399 546 1464 promerent?
586 1396 833 1468 Contigit
862 1413 996 1467 ergo
1018 1396 1190 1449 oculis
1210 1396 1406 1449 nostris
1422 1397 1640 1451 insolita

187 1468 317 1522 ante
355 1470 554 1534 facies,
587 1471 841 1540 Princeps
884 1472 937 1524 &
980 1470 1281 1523 candidatus
1303 1509 1318 1533 ‚
1358 1471 1641 1540 aequimm

189 1543 248 1595 &
283 1543 445 1596 simul
483 1543 673 1597 stantes
710 1562 727 1604 3
785 1544 986 1596 intueri
1032 1560 1215 1612 parem
1253 1544 1640 1612 accipientibus

189 1616 459 1669 honorem
480 1618 574 1686 qui
601 1619 771 1670 dabat.
810 1618 974 1684 Quod
992 1617 1189 1670 factum
1208 1631 1362 1669 tuum
1385 1635 1418 1669 a
1446 1617 1641 1670 cunQo

190 1690 381 1742 senatu
414 1689 573 1759 quam
614 1690 744 1743 vera
781 1690 1159 1743 acclamatione
1186 1691 1505 1745 celebratum
1527 1690 1638 1745 est!

193 1764 359 1814 Tanto
388 1765 542 1835 major
568 1764 772 1814 Ι-ταπεὸ
798 1765 1070 1833 augustIorl
1109 1765 1246 1815 Nam
1280 1762 1367 1815 cui
1407 1762 1540 1816 nihil
1576 1765 1643 1817 ad

186 1839 494 1908 augendum
513 1836 775 1908 fastigium
795 1836 1025 1906 superest
1044 1877 1060 1901 ‚
1083 1838 1171 1889 hic
1194 1853 1312 1890 uno
1326 1839 1493 1891 modo
1511 1838 1645 1892 cres·

186 1928 314 1964 cere
339 1911 513 1980 potest
535 1952 549 1976 ‚
583 1912 630 1964 si
649 1912 701 1963 se
721 1912 833 1981 ipse
851 1912 1125 1965 submittat
1149 1921 1169 1975 ·,»
1197 1907 1408 1965 securus
1431 1912 1645 1983 magni·

187 1986 398 2037 tudinis
417 1985 538 2038 suae.
573 1987 761 2054 Neque
782 1986 928 2037 enim
952 1987 1016 2037 ab
1037 1987 1151 2037 ullo
1171 1986 1417 2052 periculo
1426 1987 1645 2039 fortuna

186 2057 503 2127 Principum
525 2059 738 2128 longius
759 2058 896 2111 abest
917 2092 939 2118 ‚
957 2058 1118 2127 quam
1135 2059 1474 2114 humilitatis.
1496 2060 1642 2112 Mihi

187 2132 415 2201 quidem
444 2149 555 2184 non
579 2148 687 2184 tam
717 2132 1016 2185 humanitas
1048 2147 1137 2183 tua
1160 2170 1175 2194 ‚
1218 2133 1376 2199 quam
1409 2133 1649 2186 intentio

186 2204 313 2270 ejus
356 2205 678 2258 admirabilis
716 2205 1010 2259 videbatur.
1063 2205 1281 2274 Quippe
1315 2223 1480 2274 quum
1518 2223 1647 2259 ora·-

168 2278 340 2342 ,tioni
373 2281 562 2331 oculos
585 2317 599 2340 ‚
631 2294 831 2332 -vocem
853 2317 868 2341 ‚
909 2295 1126 2331 manum
1146 2282 1512 2332 commodares
1535 2319 1560 2346 ‚.
1582 2292 1645 2333 ut

191 2351 248 2405 si
280 2351 375 2403 alii
418 2355 603 2406 eadem
650 2351 749 2404 ista-
776 2350 1063 2404 maudaffes
1087 2390 1101 2415 ‚
1137 2368 1335 2405 omnes
1374 2354 1653 2407 comitatis

193 2441 460 2478 numeros
484 2427 686 2494 obibas.
734 2425 1105 2496 Atqueetianr
1135 2442 1299 2494 quum
1332 2424 1649 2497 suffragato-

190 2516 318 2551 rum
362 2500 585 2551 nomina
622 2501 978 2568 honor-equo
1015 2500 1192 2551 solent
1226 2502 1602 2570 exciperentur
1622 2517 1649 2565 ς

156 2609 161 2612 -
190 2587 261 2624 tu
292 2583 510 2642 quoque
566 2573 704 2626 inter
756 2573 1089 2641 excipientes
1125 2588 1240 2626 eras
1274 2613 1288 2636 ‚
1348 2575 1400 2628 &
1438 2592 1644 2628 ex-ore

189 2645 465 2714 Principis
508 2646 602 2699 ille
663 2647 959 2700 senatorius
1009 2643 1237 2699 assensus
1282 2647 1593 2701 audiebatur
1625 2666 1654 2708 32

189 2721 453 2789 quodque
488 2722 626 2789 apud
655 2720 955 2789 Principem
980 2720 1254 2789 perhibere
1280 2722 1653 2775 testimonium

191 2794 529 2853 merentibus
568 2796 920 2862 gaudebamus
958 2832 973 2856 ,
1028 2794 1396 2863 perhibebatur
1425 2813 1462 2848 a·
1494 2796 1659 2848 Prin--

189 2864 348 2935 cipe·
369 2899 372 2900 ν
392 2867 801 2938 Faciebas-er-go
827 2907 842 2933 ,
874 2883 1040 2937 quum
1083 2867 1288 2921 diceres·
1307 2906 1326 2931 5
1365 2870 1608 2938 optimos
1626 2885 1659 2929 ς·

1232 2943 1267 2992 S¹
1300 2939 1369 3006 vj,
