<?xml version="1.0" encoding="UTF-8"?>
<!DOCTYPE html PUBLIC "-//W3C//DTD XHTML 1.0 Transitional//EN"
    "http://www.w3.org/TR/xhtml1/DTD/xhtml1-transitional.dtd">
<html xmlns="http://www.w3.org/1999/xhtml" xml:lang="en" lang="en">
 <head>
  <title>
</title>
<meta http-equiv="Content-Type" content="text/html;charset=utf-8" />
  <meta name='ocr-system' content='tesseract 3.04.00' />
  <meta name='ocr-capabilities' content='ocr_page ocr_carea ocr_par ocr_line ocrx_word'/>
</head>
<body>
  <div class='ocr_page' id='page_1' title='image "./panegyricus00lallgoog_0395.png"; bbox 0 0 1951 3720; ppageno 0'>
   <div class='ocr_carea' id='block_1_1' title="bbox 430 353 1627 450">
    <p class='ocr_par' dir='ltr' id='par_1_1' title="bbox 430 353 1627 450">
     <span class='ocr_line' id='line_1_1' title="bbox 430 353 1627 450; baseline 0.005 -28"><span class='ocrx_word' id='word_1_1' title='bbox 430 353 900 427; x_wconf 66' lang='lat' dir='ltr'><em>TRAIANO</em></span> <span class='ocrx_word' id='word_1_2' title='bbox 956 369 1378 428; x_wconf 75' lang='lat' dir='ltr'><strong>DIeTUS.</strong></span> <span class='ocrx_word' id='word_1_3' title='bbox 1483 355 1627 450; x_wconf 83' lang='lat'><strong>367</strong></span> 
     </span>
    </p>
   </div>
   <div class='ocr_carea' id='block_1_2' title="bbox 163 472 1627 620">
    <p class='ocr_par' dir='ltr' id='par_1_2' title="bbox 163 472 1627 620">
     <span class='ocr_line' id='line_1_2' title="bbox 165 472 1625 547; baseline 0.002 -19"><span class='ocrx_word' id='word_1_4' title='bbox 165 472 296 528; x_wconf 70' lang='lat' dir='ltr'><strong>dere</strong></span> <span class='ocrx_word' id='word_1_5' title='bbox 326 473 628 529; x_wconf 79' lang='lat' dir='ltr'><strong>minoribus</strong></span> <span class='ocrx_word' id='word_1_6' title='bbox 661 475 769 530; x_wconf 76' lang='lat' dir='ltr'><strong>suis</strong></span> <span class='ocrx_word' id='word_1_7' title='bbox 799 474 1022 547; x_wconf 80' lang='lat' dir='ltr'><strong>gestient</strong></span> <span class='ocrx_word' id='word_1_8' title='bbox 1041 515 1058 540; x_wconf 84' lang='lat'>‚</span> <span class='ocrx_word' id='word_1_9' title='bbox 1088 474 1212 546; x_wconf 85' lang='lat' dir='ltr'><strong>quis</strong></span> <span class='ocrx_word' id='word_1_10' title='bbox 1249 476 1466 530; x_wconf 81' lang='lat' dir='ltr'><strong>sudores</strong></span> <span class='ocrx_word' id='word_1_11' title='bbox 1496 490 1625 531; x_wconf 68' lang='lat' dir='ltr'><strong>tuot</strong></span> 
     </span>
     <span class='ocr_line' id='line_1_3' title="bbox 163 548 1627 620; baseline -0.001 -15"><span class='ocrx_word' id='word_1_12' title='bbox 163 548 407 605; x_wconf 73' lang='lat' dir='ltr'>hauserit</span> <span class='ocrx_word' id='word_1_13' title='bbox 434 566 651 619; x_wconf 83' lang='lat' dir='ltr'><strong>campus</strong></span> <span class='ocrx_word' id='word_1_14' title='bbox 671 588 687 613; x_wconf 86' lang='lat'>‚</span> <span class='ocrx_word' id='word_1_15' title='bbox 710 566 827 620; x_wconf 79' lang='lat' dir='ltr'><strong>quae</strong></span> <span class='ocrx_word' id='word_1_16' title='bbox 863 550 1186 604; x_wconf 53' lang='lat' dir='ltr'><strong>refectiones</strong></span> <span class='ocrx_word' id='word_1_17' title='bbox 1214 564 1332 603; x_wconf 77' lang='lat' dir='ltr'><strong>tuas</strong></span> <span class='ocrx_word' id='word_1_18' title='bbox 1368 552 1584 604; x_wconf 79' lang='lat' dir='ltr'><strong>arbores</strong></span> <span class='ocrx_word' id='word_1_19' title='bbox 1605 587 1627 617; x_wconf 74' lang='grc'><em>,</em></span> 
     </span>
    </p>
   </div>
   <div class='ocr_carea' id='block_1_3' title="bbox 163 623 1718 694">
    <p class='ocr_par' dir='ltr' id='par_1_3' title="bbox 163 623 1718 694">
     <span class='ocr_line' id='line_1_4' title="bbox 163 623 1718 694; baseline 0.001 -19"><span class='ocrx_word' id='word_1_20' title='bbox 163 638 290 692; x_wconf 80' lang='lat' dir='ltr'><strong>quae</strong></span> <span class='ocrx_word' id='word_1_21' title='bbox 342 623 592 677; x_wconf 87' lang='lat' dir='ltr'><strong>somnum</strong></span> <span class='ocrx_word' id='word_1_22' title='bbox 628 625 752 677; x_wconf 80' lang='lat' dir='ltr'><strong>saxa</strong></span> <span class='ocrx_word' id='word_1_23' title='bbox 783 624 1131 693; x_wconf 77' lang='lat' dir='ltr'><strong>praetexerint</strong></span> <span class='ocrx_word' id='word_1_24' title='bbox 1156 662 1173 689; x_wconf 86' lang='lat'>,</span> <span class='ocrx_word' id='word_1_25' title='bbox 1208 626 1355 694; x_wconf 88' lang='lat' dir='ltr'><strong>quod</strong></span> <span class='ocrx_word' id='word_1_26' title='bbox 1389 623 1624 694; x_wconf 87' lang='lat' dir='ltr'><strong>denique</strong></span> <span class='ocrx_word' id='word_1_27' title='bbox 1714 666 1718 671; x_wconf 86' lang='lat'><strong>.</strong></span> 
     </span>
    </p>
   </div>
   <div class='ocr_carea' id='block_1_4' title="bbox 163 695 1632 3116">
    <p class='ocr_par' dir='ltr' id='par_1_4' title="bbox 163 695 1632 3116">
     <span class='ocr_line' id='line_1_5' title="bbox 166 695 1626 767; baseline 0.003 -21"><span class='ocrx_word' id='word_1_28' title='bbox 166 695 375 750; x_wconf 55' lang='lat' dir='ltr'><strong>tedium</strong></span> <span class='ocrx_word' id='word_1_29' title='bbox 407 713 632 767; x_wconf 81' lang='lat' dir='ltr'><strong>magnus</strong></span> <span class='ocrx_word' id='word_1_30' title='bbox 661 697 858 766; x_wconf 81' lang='lat' dir='ltr'>hospes</span> <span class='ocrx_word' id='word_1_31' title='bbox 883 698 1235 767; x_wconf 54' lang='lat' dir='ltr'><strong>impleverim</strong></span> <span class='ocrx_word' id='word_1_32' title='bbox 1270 712 1331 751; x_wconf 89' lang='lat' dir='ltr'><strong>ut</strong></span> <span class='ocrx_word' id='word_1_33' title='bbox 1351 711 1481 750; x_wconf 87' lang='lat' dir='ltr'><strong>tunc</strong></span> <span class='ocrx_word' id='word_1_34' title='bbox 1515 697 1626 767; x_wconf 80' lang='lat' dir='ltr'><strong>ipsi</strong></span> 
     </span>
     <span class='ocr_line' id='line_1_6' title="bbox 163 768 1627 841; baseline 0.001 -20"><span class='ocrx_word' id='word_1_35' title='bbox 163 768 271 821; x_wconf 78' lang='lat' dir='ltr'><strong>tibi</strong></span> <span class='ocrx_word' id='word_1_36' title='bbox 310 770 611 840; x_wconf 82' lang='lat' dir='ltr'><strong>ingentium</strong></span> <span class='ocrx_word' id='word_1_37' title='bbox 654 772 847 824; x_wconf 85' lang='lat' dir='ltr'><strong>ducum</strong></span> <span class='ocrx_word' id='word_1_38' title='bbox 894 772 1038 825; x_wconf 83' lang='lat' dir='ltr'><strong>sacra</strong></span> <span class='ocrx_word' id='word_1_39' title='bbox 1085 771 1308 841; x_wconf 80' lang='lat' dir='ltr'><strong>vestigia</strong></span> <span class='ocrx_word' id='word_1_40' title='bbox 1342 770 1531 824; x_wconf 81' lang='lat' dir='ltr'><strong>iisdem</strong></span> <span class='ocrx_word' id='word_1_41' title='bbox 1565 770 1627 823; x_wconf 77' lang='lat' dir='ltr'><strong>in</strong></span> 
     </span>
     <span class='ocr_line' id='line_1_7' title="bbox 163 843 1627 914; baseline 0.002 -21"><span class='ocrx_word' id='word_1_42' title='bbox 163 843 310 896; x_wconf 76' lang='lat' dir='ltr'><strong>locis</strong></span> <span class='ocrx_word' id='word_1_43' title='bbox 342 843 782 898; x_wconf 81' lang='lat' dir='ltr'><strong>monstrabantur.</strong></span> <span class='ocrx_word' id='word_1_44' title='bbox 820 845 1024 899; x_wconf 70' lang='lat' dir='ltr'><strong>Verum</strong></span> <span class='ocrx_word' id='word_1_45' title='bbox 1053 846 1165 898; x_wconf 84' lang='lat' dir='ltr'><strong>haec</strong></span> <span class='ocrx_word' id='word_1_46' title='bbox 1187 846 1365 905; x_wconf 86' lang='lat' dir='ltr'><strong>olim·,</strong></span> <span class='ocrx_word' id='word_1_47' title='bbox 1403 844 1462 897; x_wconf 89' lang='lat' dir='ltr'><strong>in</strong></span> <span class='ocrx_word' id='word_1_48' title='bbox 1495 861 1627 914; x_wconf 79' lang='lat' dir='ltr'><strong>prae·</strong></span> 
     </span>
     <span class='ocr_line' id='line_1_8' title="bbox 166 914 1626 988; baseline 0.002 -21"><span class='ocrx_word' id='word_1_49' title='bbox 166 914 344 969; x_wconf 86' lang='lat' dir='ltr'><strong>sentia</strong></span> <span class='ocrx_word' id='word_1_50' title='bbox 386 918 601 987; x_wconf 87' lang='lat' dir='ltr'><strong>quidem</strong></span> <span class='ocrx_word' id='word_1_51' title='bbox 639 918 882 988; x_wconf 77' lang='lat' dir='ltr'><strong>quisquis</strong></span> <span class='ocrx_word' id='word_1_52' title='bbox 923 916 1087 988; x_wconf 76' lang='lat' dir='ltr'><strong>paulo</strong></span> <span class='ocrx_word' id='word_1_53' title='bbox 1124 918 1385 971; x_wconf 80' lang='lat' dir='ltr'><strong>vetustior</strong></span> <span class='ocrx_word' id='word_1_54' title='bbox 1422 919 1580 971; x_wconf 81' lang='lat' dir='ltr'><strong>miles</strong></span> <span class='ocrx_word' id='word_1_55' title='bbox 1606 953 1626 983; x_wconf 84' lang='lat'><strong>,</strong></span> 
     </span>
     <span class='ocr_line' id='line_1_9' title="bbox 165 988 1627 1061; baseline 0.002 -20"><span class='ocrx_word' id='word_1_56' title='bbox 165 988 259 1042; x_wconf 79' lang='lat' dir='ltr'><strong>hic</strong></span> <span class='ocrx_word' id='word_1_57' title='bbox 279 1004 335 1041; x_wconf 89' lang='lat' dir='ltr'><strong>te</strong></span> <span class='ocrx_word' id='word_1_58' title='bbox 353 991 731 1044; x_wconf 81' lang='lat' dir='ltr'><strong>commilitone</strong></span> <span class='ocrx_word' id='word_1_59' title='bbox 759 991 1022 1046; x_wconf 88' lang='lat' dir='ltr'><strong>censetur.</strong></span> <span class='ocrx_word' id='word_1_60' title='bbox 1068 994 1283 1059; x_wconf 81' lang='lat' dir='ltr'><strong>Quotus</strong></span> <span class='ocrx_word' id='word_1_61' title='bbox 1306 990 1454 1045; x_wconf 87' lang='lat' dir='ltr'><strong>enim</strong></span> <span class='ocrx_word' id='word_1_62' title='bbox 1476 991 1627 1061; x_wconf 87' lang='lat' dir='ltr'><strong>quis·</strong></span> 
     </span>
     <span class='ocr_line' id='line_1_10' title="bbox 164 1062 1627 1135; baseline 0.002 -20"><span class='ocrx_word' id='word_1_63' title='bbox 164 1078 277 1131; x_wconf 82' lang='lat' dir='ltr'><strong>que</strong></span> <span class='ocrx_word' id='word_1_64' title='bbox 299 1101 315 1126; x_wconf 90' lang='lat'>‚</span> <span class='ocrx_word' id='word_1_65' title='bbox 346 1062 497 1128; x_wconf 76' lang='lat' dir='ltr'><strong>cuius</strong></span> <span class='ocrx_word' id='word_1_66' title='bbox 528 1081 587 1118; x_wconf 87' lang='lat' dir='ltr'><strong>tu</strong></span> <span class='ocrx_word' id='word_1_67' title='bbox 624 1081 737 1118; x_wconf 90' lang='lat' dir='ltr'><strong>non</strong></span> <span class='ocrx_word' id='word_1_68' title='bbox 768 1064 891 1119; x_wconf 76' lang='lat' dir='ltr'><strong>ante</strong></span> <span class='ocrx_word' id='word_1_69' title='bbox 916 1066 1223 1120; x_wconf 86' lang='lat' dir='ltr'><strong>commilito</strong></span> <span class='ocrx_word' id='word_1_70' title='bbox 1261 1065 1420 1135; x_wconf 78' lang='lat' dir='ltr'><strong>quam</strong></span> <span class='ocrx_word' id='word_1_71' title='bbox 1448 1065 1627 1135; x_wconf 86' lang='lat' dir='ltr'><strong>impe-</strong></span> 
     </span>
     <span class='ocr_line' id='line_1_11' title="bbox 165 1136 1627 1208; baseline 0.001 -19"><span class='ocrx_word' id='word_1_72' title='bbox 165 1139 365 1191; x_wconf 73' lang='lat' dir='ltr'><strong>rator?</strong></span> <span class='ocrx_word' id='word_1_73' title='bbox 407 1139 534 1190; x_wconf 88' lang='lat' dir='ltr'><strong>Inde</strong></span> <span class='ocrx_word' id='word_1_74' title='bbox 569 1136 644 1191; x_wconf 86' lang='lat' dir='ltr'><strong>est</strong></span> <span class='ocrx_word' id='word_1_75' title='bbox 680 1136 828 1207; x_wconf 68' lang='lat' dir='ltr'><strong>quod</strong></span> <span class='ocrx_word' id='word_1_76' title='bbox 857 1138 1032 1207; x_wconf 75' lang='lat' dir='ltr'><strong>prope</strong></span> <span class='ocrx_word' id='word_1_77' title='bbox 1063 1155 1252 1193; x_wconf 85' lang='lat' dir='ltr'><strong>omnes</strong></span> <span class='ocrx_word' id='word_1_78' title='bbox 1281 1138 1504 1192; x_wconf 86' lang='lat' dir='ltr'><strong>nomine</strong></span> <span class='ocrx_word' id='word_1_79' title='bbox 1535 1154 1627 1208; x_wconf 86' lang='lat' dir='ltr'><strong>ap·</strong></span> 
     </span>
     <span class='ocr_line' id='line_1_12' title="bbox 168 1209 1629 1281; baseline 0.003 -19"><span class='ocrx_word' id='word_1_80' title='bbox 168 1211 341 1279; x_wconf 78' lang='lat' dir='ltr'><strong>pellas</strong></span> <span class='ocrx_word' id='word_1_81' title='bbox 367 1249 384 1275; x_wconf 81' lang='grc'>,</span> <span class='ocrx_word' id='word_1_82' title='bbox 418 1209 565 1281; x_wconf 74' lang='lat' dir='ltr'><strong>quod</strong></span> <span class='ocrx_word' id='word_1_83' title='bbox 587 1211 922 1281; x_wconf 79' lang='lat' dir='ltr'><strong>singulorum</strong></span> <span class='ocrx_word' id='word_1_84' title='bbox 944 1213 1108 1265; x_wconf 83' lang='lat' dir='ltr'><strong>fortia</strong></span> <span class='ocrx_word' id='word_1_85' title='bbox 1139 1211 1273 1265; x_wconf 62' lang='lat' dir='ltr'><strong>faeta</strong></span> <span class='ocrx_word' id='word_1_86' title='bbox 1296 1228 1629 1266; x_wconf 87' lang='lat' dir='ltr'><strong>commemo-</strong></span> 
     </span>
     <span class='ocr_line' id='line_1_13' title="bbox 169 1285 1627 1354; baseline 0.001 -18"><span class='ocrx_word' id='word_1_87' title='bbox 169 1299 256 1335; x_wconf 73' lang='lat' dir='ltr'><strong>ras</strong></span> <span class='ocrx_word' id='word_1_88' title='bbox 281 1303 295 1336; x_wconf 73' lang='grc' dir='ltr'><strong><em>ε</em></strong></span> <span class='ocrx_word' id='word_1_89' title='bbox 323 1299 428 1337; x_wconf 83' lang='lat' dir='ltr'><strong>nec</strong></span> <span class='ocrx_word' id='word_1_90' title='bbox 461 1285 657 1337; x_wconf 87' lang='lat' dir='ltr'><strong>habent</strong></span> <span class='ocrx_word' id='word_1_91' title='bbox 692 1286 1081 1338; x_wconf 78' lang='lat' dir='ltr'>adnumeranda</span> <span class='ocrx_word' id='word_1_92' title='bbox 1111 1285 1211 1338; x_wconf 85' lang='lat' dir='ltr'><strong>tibi</strong></span> <span class='ocrx_word' id='word_1_93' title='bbox 1233 1301 1337 1354; x_wconf 86' lang='lat' dir='ltr'><strong>pro</strong></span> <span class='ocrx_word' id='word_1_94' title='bbox 1357 1286 1627 1353; x_wconf 76' lang='lat' dir='ltr'>republica</span> 
     </span>
     <span class='ocr_line' id='line_1_14' title="bbox 165 1356 1626 1480; baseline 0.003 -72"><span class='ocrx_word' id='word_1_95' title='bbox 165 1357 400 1480; x_wconf 50' lang='lat' dir='ltr'><strong>vallium</strong></span> <span class='ocrx_word' id='word_1_96' title='bbox 420 1394 437 1421; x_wconf 86' lang='lat'><strong>‚</strong></span> <span class='ocrx_word' id='word_1_97' title='bbox 463 1358 654 1427; x_wconf 68' lang='lat' dir='ltr'><strong>quibus</strong></span> <span class='ocrx_word' id='word_1_98' title='bbox 688 1356 861 1411; x_wconf 83' lang='lat' dir='ltr'><strong>statim</strong></span> <span class='ocrx_word' id='word_1_99' title='bbox 896 1360 1139 1412; x_wconf 78' lang='lat' dir='ltr'><strong>laudator</strong></span> <span class='ocrx_word' id='word_1_100' title='bbox 1177 1358 1231 1413; x_wconf 72' lang='grc' dir='ltr'><strong>δι</strong></span> <span class='ocrx_word' id='word_1_101' title='bbox 1264 1357 1411 1412; x_wconf 70' lang='lat' dir='ltr'><strong>testis</strong></span> <span class='ocrx_word' id='word_1_102' title='bbox 1446 1358 1626 1413; x_wconf 80' lang='lat' dir='ltr'><strong>conti·</strong></span> 
     </span>
     <span class='ocr_line' id='line_1_15' title="bbox 209 1447 323 1484; baseline 0.018 -3"><span class='ocrx_word' id='word_1_103' title='bbox 209 1447 227 1481; x_wconf 80' lang='grc' dir='ltr'><strong><em>ι</em></strong></span> <span class='ocrx_word' id='word_1_104' title='bbox 282 1447 323 1484; x_wconf 82' lang='grc' dir='ltr'><strong>ι.</strong></span> 
     </span>
     <span class='ocr_line' id='line_1_16' title="bbox 166 1446 1624 1574; baseline 0.003 -20"><span class='ocrx_word' id='word_1_105' title='bbox 166 1446 207 1538; x_wconf 66' lang='lat' dir='ltr'><strong>—g</strong></span> <span class='ocrx_word' id='word_1_106' title='bbox 245 1503 409 1556; x_wconf 83' lang='lat' dir='ltr'>XVI.</span> <span class='ocrx_word' id='word_1_107' title='bbox 446 1501 550 1556; x_wconf 84' lang='lat' dir='ltr'><strong>Sed</strong></span> <span class='ocrx_word' id='word_1_108' title='bbox 578 1501 731 1556; x_wconf 74' lang='lat' dir='ltr'><strong>tanto</strong></span> <span class='ocrx_word' id='word_1_109' title='bbox 765 1503 936 1574; x_wconf 81' lang='lat' dir='ltr'><strong>magis</strong></span> <span class='ocrx_word' id='word_1_110' title='bbox 968 1504 1297 1574; x_wconf 64' lang='lat' dir='ltr'><strong>pri-dicanda</strong></span> <span class='ocrx_word' id='word_1_111' title='bbox 1331 1504 1404 1559; x_wconf 75' lang='lat' dir='ltr'><strong>est</strong></span> <span class='ocrx_word' id='word_1_112' title='bbox 1435 1507 1624 1560; x_wconf 82' lang='lat' dir='ltr'><strong>mode·</strong></span> 
     </span>
     <span class='ocr_line' id='line_1_17' title="bbox 168 1576 1627 1649; baseline 0.002 -20"><span class='ocrx_word' id='word_1_113' title='bbox 168 1576 314 1629; x_wconf 78' lang='lat' dir='ltr'><strong>ratio</strong></span> <span class='ocrx_word' id='word_1_114' title='bbox 346 1592 467 1639; x_wconf 85' lang='lat' dir='ltr'><strong>tua,</strong></span> <span class='ocrx_word' id='word_1_115' title='bbox 500 1580 647 1647; x_wconf 82' lang='lat' dir='ltr'><strong>quod</strong></span> <span class='ocrx_word' id='word_1_116' title='bbox 677 1578 966 1631; x_wconf 78' lang='lat' dir='ltr'><strong>innutritus</strong></span> <span class='ocrx_word' id='word_1_117' title='bbox 1000 1579 1204 1632; x_wconf 81' lang='lat' dir='ltr'>bellicis</span> <span class='ocrx_word' id='word_1_118' title='bbox 1234 1580 1474 1632; x_wconf 82' lang='lat' dir='ltr'>laudibus</span> <span class='ocrx_word' id='word_1_119' title='bbox 1495 1619 1510 1643; x_wconf 84' lang='lat'>‚</span> <span class='ocrx_word' id='word_1_120' title='bbox 1537 1596 1627 1649; x_wconf 81' lang='lat' dir='ltr'><strong>pa·</strong></span> 
     </span>
     <span class='ocr_line' id='line_1_18' title="bbox 169 1651 1626 1721; baseline 0.001 -18"><span class='ocrx_word' id='word_1_121' title='bbox 169 1667 293 1703; x_wconf 85' lang='lat' dir='ltr'><strong>cem</strong></span> <span class='ocrx_word' id='word_1_122' title='bbox 324 1666 508 1703; x_wconf 81' lang='lat' dir='ltr'><strong>amas:</strong></span> <span class='ocrx_word' id='word_1_123' title='bbox 543 1666 642 1705; x_wconf 83' lang='lat' dir='ltr'><strong>nec</strong></span> <span class='ocrx_word' id='word_1_124' title='bbox 666 1651 791 1720; x_wconf 89' lang='lat' dir='ltr'><strong>quia</strong></span> <span class='ocrx_word' id='word_1_125' title='bbox 819 1654 910 1704; x_wconf 87' lang='lat' dir='ltr'><strong>vel</strong></span> <span class='ocrx_word' id='word_1_126' title='bbox 948 1668 1100 1720; x_wconf 83' lang='lat' dir='ltr'><strong>pater</strong></span> <span class='ocrx_word' id='word_1_127' title='bbox 1128 1651 1226 1704; x_wconf 79' lang='lat' dir='ltr'><strong>ribi</strong></span> <span class='ocrx_word' id='word_1_128' title='bbox 1250 1653 1586 1721; x_wconf 80' lang='lat' dir='ltr'><strong>triumphalis</strong></span> <span class='ocrx_word' id='word_1_129' title='bbox 1603 1690 1626 1717; x_wconf 75' lang='lat'>‚</span> 
     </span>
     <span class='ocr_line' id='line_1_19' title="bbox 165 1723 1632 1794; baseline 0.003 -18"><span class='ocrx_word' id='word_1_130' title='bbox 165 1725 267 1776; x_wconf 72' lang='lat' dir='ltr'><strong>⁴vel</strong></span> <span class='ocrx_word' id='word_1_131' title='bbox 303 1723 616 1793; x_wconf 76' lang='lat' dir='ltr'><strong>adoptionis</strong></span> <span class='ocrx_word' id='word_1_132' title='bbox 651 1740 757 1778; x_wconf 77' lang='lat' dir='ltr'><strong>tuae</strong></span> <span class='ocrx_word' id='word_1_133' title='bbox 806 1725 893 1777; x_wconf 84' lang='lat' dir='ltr'><strong>die</strong></span> <span class='ocrx_word' id='word_1_134' title='bbox 929 1727 1099 1778; x_wconf 83' lang='lat' dir='ltr'><strong>dicata</strong></span> <span class='ocrx_word' id='word_1_135' title='bbox 1148 1725 1465 1794; x_wconf 86' lang='lat' dir='ltr'><strong>Capitolino</strong></span> <span class='ocrx_word' id='word_1_136' title='bbox 1494 1725 1632 1780; x_wconf 81' lang='lat' dir='ltr'><strong>Jovi</strong></span> 
     </span>
     <span class='ocr_line' id='line_1_20' title="bbox 165 1797 1630 1869; baseline -0.001 -17"><span class='ocrx_word' id='word_1_137' title='bbox 165 1797 358 1852; x_wconf 75' lang='lat' dir='ltr'><strong>laurus</strong></span> <span class='ocrx_word' id='word_1_138' title='bbox 373 1836 389 1862; x_wconf 86' lang='lat'>,</span> <span class='ocrx_word' id='word_1_139' title='bbox 414 1798 614 1851; x_wconf 85' lang='lat' dir='ltr'><strong>idcirco</strong></span> <span class='ocrx_word' id='word_1_140' title='bbox 643 1815 713 1850; x_wconf 85' lang='lat' dir='ltr'><strong>ex</strong></span> <span class='ocrx_word' id='word_1_141' title='bbox 747 1799 1032 1852; x_wconf 82' lang='lat' dir='ltr'><strong>occasione</strong></span> <span class='ocrx_word' id='word_1_142' title='bbox 1051 1799 1204 1851; x_wconf 84' lang='lat' dir='ltr'><strong>omni</strong></span> <span class='ocrx_word' id='word_1_143' title='bbox 1228 1800 1421 1869; x_wconf 81' lang='lat' dir='ltr'><strong>quaeris</strong></span> <span class='ocrx_word' id='word_1_144' title='bbox 1442 1799 1630 1851; x_wconf 87' lang='lat' dir='ltr'><strong>trium-</strong></span> 
     </span>
     <span class='ocr_line' id='line_1_21' title="bbox 167 1872 1625 1943; baseline 0.001 -18"><span class='ocrx_word' id='word_1_145' title='bbox 167 1873 336 1942; x_wconf 76' lang='lat' dir='ltr'><strong>phos·</strong></span> <span class='ocrx_word' id='word_1_146' title='bbox 379 1873 509 1925; x_wconf 88' lang='lat' dir='ltr'><strong>Non</strong></span> <span class='ocrx_word' id='word_1_147' title='bbox 531 1872 689 1926; x_wconf 83' lang='lat' dir='ltr'><strong>times</strong></span> <span class='ocrx_word' id='word_1_148' title='bbox 707 1875 876 1937; x_wconf 80' lang='lat' dir='ltr'><strong>bella,</strong></span> <span class='ocrx_word' id='word_1_149' title='bbox 907 1890 1008 1927; x_wconf 89' lang='lat' dir='ltr'><strong>nec</strong></span> <span class='ocrx_word' id='word_1_150' title='bbox 1038 1885 1323 1942; x_wconf 81' lang='lat' dir='ltr'><strong>provocas.</strong></span> <span class='ocrx_word' id='word_1_151' title='bbox 1364 1874 1625 1943; x_wconf 85' lang='lat' dir='ltr'><strong>Magnum</strong></span> 
     </span>
     <span class='ocr_line' id='line_1_22' title="bbox 168 1945 1627 2017; baseline 0.001 -19"><span class='ocrx_word' id='word_1_152' title='bbox 168 1946 248 1999; x_wconf 83' lang='lat' dir='ltr'><strong>est</strong></span> <span class='ocrx_word' id='word_1_153' title='bbox 269 1985 286 2010; x_wconf 88' lang='lat'><strong>‚</strong></span> <span class='ocrx_word' id='word_1_154' title='bbox 332 1946 628 2015; x_wconf 83' lang='lat' dir='ltr'><strong>imperator</strong></span> <span class='ocrx_word' id='word_1_155' title='bbox 668 1945 899 2017; x_wconf 82' lang='lat' dir='ltr'><strong>Auguste</strong></span> <span class='ocrx_word' id='word_1_156' title='bbox 921 1986 939 2011; x_wconf 87' lang='lat'>,</span> <span class='ocrx_word' id='word_1_157' title='bbox 977 1963 1228 2017; x_wconf 85' lang='lat' dir='ltr'><strong>magnum</strong></span> <span class='ocrx_word' id='word_1_158' title='bbox 1275 1947 1349 2003; x_wconf 83' lang='lat' dir='ltr'><strong>est</strong></span> <span class='ocrx_word' id='word_1_159' title='bbox 1394 1948 1523 1999; x_wconf 88' lang='lat' dir='ltr'><strong>stare</strong></span> <span class='ocrx_word' id='word_1_160' title='bbox 1564 1947 1627 2000; x_wconf 81' lang='lat' dir='ltr'><strong>in</strong></span> 
     </span>
     <span class='ocr_line' id='line_1_23' title="bbox 166 2018 1628 2089; baseline 0 -17"><span class='ocrx_word' id='word_1_161' title='bbox 166 2020 416 2073; x_wconf 82' lang='lat' dir='ltr'>Danubii</span> <span class='ocrx_word' id='word_1_162' title='bbox 437 2018 550 2089; x_wconf 80' lang='lat' dir='ltr'><strong>ripa</strong></span> <span class='ocrx_word' id='word_1_163' title='bbox 570 2059 587 2084; x_wconf 89' lang='lat'><strong>‚</strong></span> <span class='ocrx_word' id='word_1_164' title='bbox 615 2020 665 2072; x_wconf 86' lang='lat' dir='ltr'><strong>si</strong></span> <span class='ocrx_word' id='word_1_165' title='bbox 692 2021 919 2073; x_wconf 83' lang='lat' dir='ltr'>transeas</span> <span class='ocrx_word' id='word_1_166' title='bbox 940 2059 956 2084; x_wconf 89' lang='lat'>,</span> <span class='ocrx_word' id='word_1_167' title='bbox 986 2036 1190 2073; x_wconf 84' lang='lat' dir='ltr'><strong>certum</strong></span> <span class='ocrx_word' id='word_1_168' title='bbox 1216 2021 1502 2088; x_wconf 86' lang='lat' dir='ltr'><strong>triumphi,</strong></span> <span class='ocrx_word' id='word_1_169' title='bbox 1527 2035 1628 2072; x_wconf 81' lang='lat' dir='ltr'><strong>nee</strong></span> 
     </span>
     <span class='ocr_line' id='line_1_24' title="bbox 167 2094 1630 2162; baseline 0.001 -16"><span class='ocrx_word' id='word_1_170' title='bbox 167 2094 444 2147; x_wconf 81' lang='lat' dir='ltr'><strong>decertare</strong></span> <span class='ocrx_word' id='word_1_171' title='bbox 462 2110 654 2162; x_wconf 86' lang='lat' dir='ltr'><strong>cupere</strong></span> <span class='ocrx_word' id='word_1_172' title='bbox 674 2110 794 2147; x_wconf 89' lang='lat' dir='ltr'><strong>cum</strong></span> <span class='ocrx_word' id='word_1_173' title='bbox 814 2094 1172 2147; x_wconf 80' lang='lat' dir='ltr'>recusantibus</span> <span class='ocrx_word' id='word_1_174' title='bbox 1193 2112 1225 2153; x_wconf 50' lang='lat'><strong>·‚»</strong></span> <span class='ocrx_word' id='word_1_175' title='bbox 1248 2111 1476 2162; x_wconf 86' lang='lat' dir='ltr'><strong>quorum</strong></span> <span class='ocrx_word' id='word_1_176' title='bbox 1501 2095 1630 2147; x_wconf 84' lang='lat' dir='ltr'><strong>alte·</strong></span> 
     </span>
     <span class='ocr_line' id='line_1_25' title="bbox 166 2166 1623 2231; baseline 0 -11"><span class='ocrx_word' id='word_1_177' title='bbox 166 2184 295 2220; x_wconf 78' lang='lat' dir='ltr'><strong>rum</strong></span> <span class='ocrx_word' id='word_1_178' title='bbox 329 2166 648 2221; x_wconf 80' lang='lat' dir='ltr'><strong>fortitudine</strong></span> <span class='ocrx_word' id='word_1_179' title='bbox 668 2207 684 2231; x_wconf 87' lang='lat'>‚</span> <span class='ocrx_word' id='word_1_180' title='bbox 719 2170 942 2221; x_wconf 83' lang='lat' dir='ltr'><strong>alterum</strong></span> <span class='ocrx_word' id='word_1_181' title='bbox 977 2168 1347 2220; x_wconf 83' lang='lat' dir='ltr'><strong>moderatione</strong></span> <span class='ocrx_word' id='word_1_182' title='bbox 1378 2167 1623 2221; x_wconf 83' lang='lat' dir='ltr'><strong>efficitur.</strong></span> 
     </span>
     <span class='ocr_line' id='line_1_26' title="bbox 167 2239 1629 2311; baseline 0 -17"><span class='ocrx_word' id='word_1_183' title='bbox 167 2242 316 2294; x_wconf 78' lang='lat' dir='ltr'><strong>Nam</strong></span> <span class='ocrx_word' id='word_1_184' title='bbox 349 2255 411 2293; x_wconf 88' lang='lat' dir='ltr'><strong>ut</strong></span> <span class='ocrx_word' id='word_1_185' title='bbox 448 2240 560 2310; x_wconf 84' lang='lat' dir='ltr'><strong>ipse</strong></span> <span class='ocrx_word' id='word_1_186' title='bbox 596 2239 739 2294; x_wconf 86' lang='lat' dir='ltr'><strong>nolis</strong></span> <span class='ocrx_word' id='word_1_187' title='bbox 775 2257 1009 2311; x_wconf 85' lang='lat' dir='ltr'><strong>pugnare</strong></span> <span class='ocrx_word' id='word_1_188' title='bbox 1038 2280 1055 2305; x_wconf 85' lang='lat'>,</span> <span class='ocrx_word' id='word_1_189' title='bbox 1091 2241 1393 2294; x_wconf 81' lang='lat' dir='ltr'><strong>moderatio</strong></span> <span class='ocrx_word' id='word_1_190' title='bbox 1422 2261 1435 2294; x_wconf 69' lang='grc' dir='ltr'><strong>ι</strong></span> <span class='ocrx_word' id='word_1_191' title='bbox 1476 2241 1629 2294; x_wconf 86' lang='lat' dir='ltr'><strong>forti·</strong></span> 
     </span>
     <span class='ocr_line' id='line_1_27' title="bbox 169 2313 1625 2384; baseline 0.001 -17"><span class='ocrx_word' id='word_1_192' title='bbox 169 2316 309 2367; x_wconf 83' lang='lat' dir='ltr'><strong>tudo</strong></span> <span class='ocrx_word' id='word_1_193' title='bbox 358 2329 450 2367; x_wconf 86' lang='lat' dir='ltr'><strong>tua</strong></span> <span class='ocrx_word' id='word_1_194' title='bbox 491 2313 696 2384; x_wconf 82' lang='lat' dir='ltr'><strong>praestat</strong></span> <span class='ocrx_word' id='word_1_195' title='bbox 715 2354 731 2378; x_wconf 86' lang='lat'>‚</span> <span class='ocrx_word' id='word_1_196' title='bbox 764 2329 823 2365; x_wconf 90' lang='lat' dir='ltr'><strong>ut</strong></span> <span class='ocrx_word' id='word_1_197' title='bbox 861 2331 1034 2383; x_wconf 89' lang='lat' dir='ltr'><strong>neque</strong></span> <span class='ocrx_word' id='word_1_198' title='bbox 1081 2314 1255 2367; x_wconf 86' lang='lat' dir='ltr'><strong>hostes</strong></span> <span class='ocrx_word' id='word_1_199' title='bbox 1303 2314 1383 2367; x_wconf 89' lang='lat' dir='ltr'><strong>tui</strong></span> <span class='ocrx_word' id='word_1_200' title='bbox 1431 2315 1625 2369; x_wconf 80' lang='lat' dir='ltr'><strong>velint.</strong></span> 
     </span>
     <span class='ocr_line' id='line_1_28' title="bbox 170 2386 1627 2459; baseline -0.001 -18"><span class='ocrx_word' id='word_1_201' title='bbox 170 2387 424 2457; x_wconf 80' lang='lat' dir='ltr'><strong>Accipiet</strong></span> <span class='ocrx_word' id='word_1_202' title='bbox 455 2405 586 2459; x_wconf 83' lang='lat' dir='ltr'><strong>ergo</strong></span> <span class='ocrx_word' id='word_1_203' title='bbox 616 2389 900 2457; x_wconf 85' lang='lat' dir='ltr'><strong>aliquando</strong></span> <span class='ocrx_word' id='word_1_204' title='bbox 940 2386 1268 2455; x_wconf 86' lang='lat' dir='ltr'><strong>Capitolium</strong></span> <span class='ocrx_word' id='word_1_205' title='bbox 1305 2405 1417 2441; x_wconf 90' lang='lat' dir='ltr'><strong>non</strong></span> <span class='ocrx_word' id='word_1_206' title='bbox 1453 2389 1627 2442; x_wconf 88' lang='lat' dir='ltr'><strong>mimi-</strong></span> 
     </span>
     <span class='ocr_line' id='line_1_29' title="bbox 170 2460 1630 2526; baseline -0.001 -10"><span class='ocrx_word' id='word_1_207' title='bbox 170 2479 271 2516; x_wconf 82' lang='lat' dir='ltr'><strong>cos</strong></span> <span class='ocrx_word' id='word_1_208' title='bbox 310 2478 530 2526; x_wconf 68' lang='lat' dir='ltr'><strong>curm,</strong></span> <span class='ocrx_word' id='word_1_209' title='bbox 573 2477 670 2514; x_wconf 88' lang='lat' dir='ltr'><strong>nec</strong></span> <span class='ocrx_word' id='word_1_210' title='bbox 706 2461 844 2514; x_wconf 79' lang='lat' dir='ltr'>falsae</span> <span class='ocrx_word' id='word_1_211' title='bbox 882 2460 1163 2514; x_wconf 85' lang='lat' dir='ltr'><strong>simulacra</strong></span> <span class='ocrx_word' id='word_1_212' title='bbox 1196 2461 1439 2516; x_wconf 64' lang='lat' dir='ltr'><strong>vietoriae</strong></span> <span class='ocrx_word' id='word_1_213' title='bbox 1482 2480 1499 2522; x_wconf 64' lang='grc' dir='ltr'>ς</span> <span class='ocrx_word' id='word_1_214' title='bbox 1539 2462 1630 2516; x_wconf 82' lang='lat' dir='ltr'><strong>sed</strong></span> 
     </span>
     <span class='ocr_line' id='line_1_30' title="bbox 170 2535 1628 2606; baseline -0.002 -17"><span class='ocrx_word' id='word_1_215' title='bbox 170 2535 562 2606; x_wconf 83' lang='lat' dir='ltr'><strong>imperatorem</strong></span> <span class='ocrx_word' id='word_1_216' title='bbox 618 2551 805 2588; x_wconf 80' lang='lat' dir='ltr'><strong>veram</strong></span> <span class='ocrx_word' id='word_1_217' title='bbox 861 2551 920 2588; x_wconf 85' lang='lat' dir='ltr'><strong>ac</strong></span> <span class='ocrx_word' id='word_1_218' title='bbox 975 2535 1197 2587; x_wconf 85' lang='lat' dir='ltr'><strong>solidam</strong></span> <span class='ocrx_word' id='word_1_219' title='bbox 1250 2536 1476 2606; x_wconf 86' lang='lat' dir='ltr'><strong>gloriam</strong></span> <span class='ocrx_word' id='word_1_220' title='bbox 1540 2552 1628 2587; x_wconf 86' lang='lat' dir='ltr'><strong>re·</strong></span> 
     </span>
     <span class='ocr_line' id='line_1_31' title="bbox 167 2607 1627 2680; baseline -0.003 -17"><span class='ocrx_word' id='word_1_221' title='bbox 167 2624 484 2680; x_wconf 84' lang='lat' dir='ltr'><strong>portantem</strong></span> <span class='ocrx_word' id='word_1_222' title='bbox 519 2650 536 2674; x_wconf 89' lang='lat'>,</span> <span class='ocrx_word' id='word_1_223' title='bbox 581 2625 765 2677; x_wconf 88' lang='lat' dir='ltr'><strong>pacem</strong></span> <span class='ocrx_word' id='word_1_224' title='bbox 803 2648 819 2670; x_wconf 80' lang='lat'><strong>‚</strong></span> <span class='ocrx_word' id='word_1_225' title='bbox 877 2607 1316 2677; x_wconf 87' lang='lat' dir='ltr'><strong>tranquillitatem</strong></span> <span class='ocrx_word' id='word_1_226' title='bbox 1352 2645 1368 2671; x_wconf 81' lang='lat'>‚</span> <span class='ocrx_word' id='word_1_227' title='bbox 1419 2609 1471 2661; x_wconf 86' lang='lat'>&amp;</span> <span class='ocrx_word' id='word_1_228' title='bbox 1516 2622 1627 2660; x_wconf 82' lang='lat' dir='ltr'><strong>tam</strong></span> 
     </span>
     <span class='ocr_line' id='line_1_32' title="bbox 169 2682 1629 2751; baseline -0.002 -14"><span class='ocrx_word' id='word_1_229' title='bbox 169 2682 408 2737; x_wconf 83' lang='lat' dir='ltr'><strong>confeffa</strong></span> <span class='ocrx_word' id='word_1_230' title='bbox 446 2682 676 2735; x_wconf 84' lang='lat' dir='ltr'><strong>hostium</strong></span> <span class='ocrx_word' id='word_1_231' title='bbox 710 2682 963 2751; x_wconf 85' lang='lat' dir='ltr'><strong>obsequia</strong></span> <span class='ocrx_word' id='word_1_232' title='bbox 985 2721 1001 2744; x_wconf 90' lang='lat'>,</span> <span class='ocrx_word' id='word_1_233' title='bbox 1041 2696 1102 2734; x_wconf 88' lang='lat' dir='ltr'><strong>ut</strong></span> <span class='ocrx_word' id='word_1_234' title='bbox 1133 2683 1427 2734; x_wconf 83' lang='lat' dir='ltr'><strong>vincendus</strong></span> <span class='ocrx_word' id='word_1_235' title='bbox 1464 2696 1629 2734; x_wconf 85' lang='lat' dir='ltr'><strong>nemo</strong></span> 
     </span>
     <span class='ocr_line' id='line_1_33' title="bbox 170 2755 1627 2824; baseline -0.004 -12"><span class='ocrx_word' id='word_1_236' title='bbox 170 2759 356 2812; x_wconf 74' lang='lat' dir='ltr'><strong>fuerit.</strong></span> <span class='ocrx_word' id='word_1_237' title='bbox 400 2757 676 2809; x_wconf 79' lang='lat' dir='ltr'><strong>Pulchrius</strong></span> <span class='ocrx_word' id='word_1_238' title='bbox 709 2756 814 2808; x_wconf 86' lang='lat' dir='ltr'><strong>hoc</strong></span> <span class='ocrx_word' id='word_1_239' title='bbox 837 2756 1086 2808; x_wconf 86' lang='lat' dir='ltr'><strong>omnibus</strong></span> <span class='ocrx_word' id='word_1_240' title='bbox 1107 2755 1390 2823; x_wconf 84' lang='lat' dir='ltr'><strong>triumphis</strong></span> <span class='ocrx_word' id='word_1_241' title='bbox 1412 2774 1425 2807; x_wconf 90' lang='lat'>:</span> <span class='ocrx_word' id='word_1_242' title='bbox 1452 2769 1627 2824; x_wconf 84' lang='lat' dir='ltr'><strong>neque</strong></span> 
     </span>
     <span class='ocr_line' id='line_1_34' title="bbox 169 2827 1629 2900; baseline -0.003 -16"><span class='ocrx_word' id='word_1_243' title='bbox 169 2832 324 2885; x_wconf 87' lang='lat' dir='ltr'><strong>enim</strong></span> <span class='ocrx_word' id='word_1_244' title='bbox 353 2846 605 2900; x_wconf 84' lang='lat' dir='ltr'><strong>umquam</strong></span> <span class='ocrx_word' id='word_1_245' title='bbox 643 2828 749 2881; x_wconf 87' lang='lat' dir='ltr'><strong>nisi</strong></span> <span class='ocrx_word' id='word_1_246' title='bbox 779 2845 848 2881; x_wconf 83' lang='lat' dir='ltr'><strong>ex</strong></span> <span class='ocrx_word' id='word_1_247' title='bbox 870 2843 1186 2897; x_wconf 86' lang='lat' dir='ltr'><strong>contemptu</strong></span> <span class='ocrx_word' id='word_1_248' title='bbox 1219 2828 1431 2897; x_wconf 87' lang='lat' dir='ltr'><strong>imperii</strong></span> <span class='ocrx_word' id='word_1_249' title='bbox 1461 2827 1629 2880; x_wconf 83' lang='lat' dir='ltr'><strong>nostri</strong></span> 
     </span>
     <span class='ocr_line' id='line_1_35' title="bbox 168 2900 1627 2970; baseline -0.003 -11"><span class='ocrx_word' id='word_1_250' title='bbox 168 2906 373 2959; x_wconf 71' lang='lat' dir='ltr'><strong>factum</strong></span> <span class='ocrx_word' id='word_1_251' title='bbox 403 2903 478 2957; x_wconf 87' lang='lat' dir='ltr'><strong>est</strong></span> <span class='ocrx_word' id='word_1_252' title='bbox 504 2919 565 2956; x_wconf 89' lang='lat' dir='ltr'><strong>ut</strong></span> <span class='ocrx_word' id='word_1_253' title='bbox 591 2902 950 2955; x_wconf 79' lang='lat' dir='ltr'><strong>vinceremus,</strong></span> <span class='ocrx_word' id='word_1_254' title='bbox 984 2900 1148 2970; x_wconf 68' lang='lat' dir='ltr'><strong>Quod</strong></span> <span class='ocrx_word' id='word_1_255' title='bbox 1171 2901 1216 2954; x_wconf 88' lang='lat' dir='ltr'><strong>si</strong></span> <span class='ocrx_word' id='word_1_256' title='bbox 1239 2902 1358 2970; x_wconf 89' lang='lat' dir='ltr'><strong>quis</strong></span> <span class='ocrx_word' id='word_1_257' title='bbox 1381 2903 1627 2955; x_wconf 79' lang='lat' dir='ltr'><strong>barbarus</strong></span> 
     </span>
     <span class='ocr_line' id='line_1_36' title="bbox 165 2973 1629 3116; baseline -0.008 -79"><span class='ocrx_word' id='word_1_258' title='bbox 165 2995 274 3037; x_wconf 74' lang='lat' dir='ltr'><strong>tex</strong></span> <span class='ocrx_word' id='word_1_259' title='bbox 324 2976 397 3034; x_wconf 68' lang='lat' dir='ltr'><strong>eo</strong></span> <span class='ocrx_word' id='word_1_260' title='bbox 451 2975 754 3033; x_wconf 68' lang='lat' dir='ltr'><strong>‘insolentia</strong></span> <span class='ocrx_word' id='word_1_261' title='bbox 805 2975 1106 3047; x_wconf 81' lang='lat' dir='ltr'><strong>furorisque</strong></span> <span class='ocrx_word' id='word_1_262' title='bbox 1149 2973 1459 3116; x_wconf 44' lang='lat' dir='ltr'><strong>prochssjerit</strong></span> <span class='ocrx_word' id='word_1_263' title='bbox 1492 3013 1512 3039; x_wconf 88' lang='lat'><strong>‚</strong></span> <span class='ocrx_word' id='word_1_264' title='bbox 1567 2988 1629 3026; x_wconf 85' lang='lat' dir='ltr'><strong>ut</strong></span> 
     </span>
     <span class='ocr_line' id='line_1_37' title="bbox 1349 3066 1406 3101; baseline 0.018 -1"><span class='ocrx_word' id='word_1_265' title='bbox 1349 3066 1406 3101; x_wconf 83' lang='lat' dir='ltr'><strong>iv</strong></span> 
     </span>
    </p>
   </div>
  </div>
 </body>
</html>
