1951 3720
403 279 1024 350 EPISTOLAE.
1067 279 1214 348 Lib.
1262 282 1346 352 11.
1493 307 1590 377 47

132 394 401 464 *nusquam
425 396 596 448 audiri
618 395 898 466 benignius
919 395 1069 449 soleo
1092 416 1105 449 ε
1129 411 1255 450 tunc
1273 415 1360 451 me
1381 412 1557 452 tamen
1571 439 1588 465 ‚

141 484 200 521 ut
218 486 363 521 nova
388 472 576 522 omnia
596 486 748 522 novo
770 486 915 522 metu
936 475 1345 537 permovebant.
1385 473 1591 525 Obver-

143 543 343 595 sabatur
379 561 444 612 pr
491 559 574 596 tet
614 542 707 595 illa
737 562 855 613 quae
893 544 1047 611 supra
1079 544 1230 607 dixi,
1269 547 1433 598 c-ausae
1461 546 1591 598 diffi-

142 619 338 669 cultas:
359 617 526 669 stabat
555 615 722 669 modo
754 617 1044 670 consularis
1067 656 1084 680 ‚
1114 617 1279 671 modo
1300 620 1592 687 septemvir

144 692 437 758 epulonum
467 730 483 754 ,
517 690 625 754 jam
676 707 940 743 neutrum.
1000 692 1123 744 Erat
1164 708 1294 762 ergo
1335 709 1592 761 perquam

144 764 435 815 onerosum
475 764 717 816 accusare
758 767 1060 816 damnatum
1081 804 1096 827 ‚
1134 782 1294 834 quem
1319 805 1334 828 ‚
1370 782 1429 817 ut
1468 783 1591 834 pre-

144 838 314 889 mebat
337 837 598 889 atrocitas
616 838 858 891 criminis
878 878 894 900 ‚
927 840 1005 889 ita
1027 839 1180 906 quasi
1200 839 1421 907 peracta:
1453 843 1590 892 dam-

144 910 379 962 nationis
431 910 710 962 miseratio
751 916 1009 964 tuebatur.
1067 914 1368 982 Utcumque
1411 928 1591 965 tamen

143 983 384 1035 animum
424 984 921 1054 cogitationemque
954 986 1189 1055 collegi:
1229 987 1374 1054 coepi
1414 988 1590 1040 dicere

143 1072 253 1108 non
275 1058 496 1109 minore
525 1059 852 1111 audientium
886 1059 1116 1122 assensu,
1150 1058 1307 1128 quam
1337 1060 1591 1112 sollicitu-

143 1130 261 1182 dine
293 1131 437 1184 mea.
473 1131 613 1184 Dixi
641 1133 792 1185 horis
827 1150 964 1201 pene
996 1132 1251 1201 quinque.
1297 1135 1434 1185 Nam
1464 1137 1592 1187 duo-

143 1203 315 1256 decim
353 1205 652 1274 clepsydris
683 1245 699 1269 ,
751 1223 880 1276 quas
929 1206 1345 1273 spatiosissimas
1383 1223 1592 1276 accepe-

144 1293 285 1342 ram,
327 1279 455 1330 sunt
500 1281 685 1330 additae
730 1295 995 1348 quatuor:
1028 1283 1161 1330 adeo
1194 1280 1286 1332 illa
1323 1281 1434 1348 ipsa
1474 1290 1592 1349 quae

145 1351 267 1403 duta
303 1353 360 1404 &
391 1354 611 1406 adversa
636 1353 842 1406 disturo
874 1354 1189 1407 videbantur
1210 1393 1225 1417 ‚
1258 1354 1481 1405 secunda
1510 1354 1594 1405 di-

144 1425 283 1477 centi
333 1426 571 1478 fiierunt.
630 1428 802 1479 caesar
830 1428 1047 1495 quidem
1084 1426 1215 1478 mihi
1247 1442 1453 1479 tantum
1487 1427 1594 1479 stu-

144 1498 321 1562 dium,
355 1514 562 1550 tantam
599 1500 760 1552 etiam
794 1517 974 1552 curam
1019 1499 1290 1566 (nimium
1341 1500 1413 1552 est
1449 1505 1596 1553 enim

145 1571 319 1624 dicere
332 1573 776 1642 sollicitudinem)
796 1574 1054 1641 praestitit,
1070 1588 1129 1624 ut
1147 1574 1395 1625 libertum
1415 1591 1596 1626 meum

146 1644 260 1712 post
280 1663 376 1698 me
402 1646 627 1700 stantem
650 1648 835 1714 saepius
876 1648 1216 1710 admoneret,
1246 1647 1377 1699 voci
1415 1648 1595 1698 lateri-

144 1734 245 1787 que
274 1721 657 1780 consulerem,
688 1738 851 1790 quum
876 1738 960 1772 me
982 1720 1355 1772 vehementius
1389 1734 1598 1787 putaret

142 1789 407 1857 intendi,
450 1794 619 1863 quiam
667 1794 930 1865 gracilitas
981 1810 1099 1845 mea
1148 1793 1354 1862 perpeti
1405 1793 1595 1860 pofl‘et.

146 1866 452 1938 Respondit
489 1869 623 1920 mihi
647 1886 749 1937 pro
783 1868 1061 1921 Marciano
1095 1867 1347 1920 Claudius
1375 1868 1599 1920 Marcel-

146 1939 305 1995 linus.
356 1940 551 1995 Mfflus
601 1944 793 1995 deinde
834 1943 1081 2003 senatus,
1125 1941 1177 1992 &
1222 1956 1502 1993 revocatus
1540 1941 1597 1993 in

146 2013 470 2082 posterum·
510 2033 680 2085 neque
733 2016 879 2068 enim
938 2016 1042 2072 iam
1090 2015 1330 2067 inchoari
1385 2029 1599 2083 poterat

152 2088 283 2141 aelio
323 2129 337 2153 ,
390 2091 502 2142 nisi
550 2104 610 2141 ut
659 2091 834 2142 noetis
884 2088 1193 2143 interventu
1249 2087 1594 2143 scinderetur.

149 2160 367 2215 Postero
404 2163 494 2215 die
526 2163 666 2215 dixit
696 2179 797 2231 pro
827 2162 1010 2214 Mario
1042 2161 1253 2214 Salvius
1290 2161 1548 2213 Liberalis
1580 2200 1598 2225 ‚

149 2235 235 2286 vir
264 2236 475 2289 subtilis
497 2271 512 2300 ,
551 2237 840 2305 dispositus
867 2276 882 2299 ‚
920 2251 1041 2288 acer
1060 2275 1075 2298 ‚
1106 2236 1366 2293 disertum
1401 2235 1457 2287 in
1510 2235 1601 2287 illa

150 2308 281 2362 veto
313 2311 469 2363 causa
494 2328 685 2363 omnes
707 2325 845 2362 artes
874 2310 992 2361 suas
1018 2309 1259 2376 protulit.
1302 2309 1600 2377 Respondit

152 2384 441 2437 Cornelius
495 2384 713 2437 Tacitus
761 2380 1203 2451 eloquentissime
1239 2422 1253 2446 ‚
1298 2383 1350 2434 &
1379 2422 1394 2445 ‚
1454 2384 1601 2451 quod

150 2458 416 2510 eximin-m
453 2458 690 2511 orationi
721 2456 834 2520 ejus
858 2454 989 2507 inest
1010 2496 1025 2519 ‚
1060 2460 1274 2532 ημιδς.
1308 2457 1467 2507 Dixit
1496 2472 1598 2525 pro

148 2537 331 2592 Mario
349 2539 529 2591 rursus
544 2540 745 2590 Fronto
769 2537 950 2589 Catius
975 2535 1289 2605 insigniter,
1310 2550 1474 2604 utque
1491 2534 1600 2596 iam

150 2612 299 2665 locus
339 2612 433 2665 ille
465 2613 714 2681 poscebat
740 2651 754 2674 ,
798 2613 915 2680 plus
958 2611 1018 2661 in
1052 2610 1292 2678 precibus
1337 2607 1598 2675 temporis

153 2686 309 2754 quam
337 2686 395 2737 in
416 2685 730 2739 defensione
759 2683 1106 2768 consumpsit.
1140 2682 1310 2747 Hujus
1329 2682 1598 2734 actionem

153 2761 372 2826 vespera
383 2760 634 2823 inclusit,
655 2776 768 2811 non
781 2773 959 2811 tamen
971 2758 1049 2810 sic
1061 2773 1120 2810 ut
1130 2759 1489 2823 abrumperet:
1505 2755 1598 2804 ita·

154 2850 253 2902 que
267 2835 328 2887 in
341 2835 559 2887 tertium
572 2833 716 2886 diem
728 2832 1072 2900 probationes
1085 2849 1146 2883 ex
1157 2832 1348 2883 ierunt.
1364 2830 1391 2883 J
1397 2845 1477 2879 am
1495 2829 1598 2877 hoc

154 2906 326 2975 ipsum
345 2910 627 2977 pulchrum
647 2908 701 2960 δι
721 2911 1030 2975 antiquum,
1049 2906 1288 2960 senatum
1300 2901 1458 2957 noste
1476 2898 1597 2953 dirr-
