1951 3720
63 454 87 472 ’δ

351 329 1145 405 EPISToLAE.Lib.
1185 334 1282 406 X.
1407 354 1538 434 335

206 450 545 505 LXXXII.
585 452 1013 507 Tamisos
1054 454 1338 509 Puluo
1377 459 1434 513 S.

102 552 199 647 E
211 609 248 643 A
284 594 500 643 conditio
526 595 589 655 est
618 595 829 647 civitatis
858 596 1200 666 Byzantiorum
1231 631 1247 656 ,
1282 598 1553 665 confluente

100 667 302 732 undique
348 672 401 716 in
440 685 540 716 eam
578 670 931 720 commeantium
963 672 1138 731 turbii,
1173 687 1261 726 ut,
1291 668 1548 738 secundam

101 737 480 822 consuetudinem
529 743 885 808 precedentium
940 759 1195 812 temporum
1229 780 1245 800 ,
1291 745 1575 805 honoribus

102 812 197 878 ejus
223 815 448 880 prasidio
482 816 768 866 centurionis
805 817 1058 884 legionarii
1090 815 1420 884 consulendum
1458 814 1550 867 ha-

101 886 350 936 buerimus.
393 886 761 954 Iuliopolitanis
803 887 1162 957 fiat-'currendum
1207 893 1367 941 eodem
1410 892 1551 942 modo

97 961 417 1028 putaverimus
439 979 459 1020 ‚·
491 961 785 1015 onerabimus
814 983 898 1014 nos
935 965 1150 1031 exemplo
1180 981 1198 1013 .·
1238 965 1401 1032 plures
1425 966 1548 1015 enim

102 1035 241 1084 tanto
259 1041 405 1102 magis
428 1037 588 1085 eadem
599 1039 838 1103 requirent
852 1072 868 1097 ,
888 1039 1064 1105 quanto
1086 1039 1370 1107 infirmiores
1392 1053 1552 1089 erunt.

106 1107 214 1158 Tibi
263 1126 365 1158 eam
390 1108 621 1177 fiduciam
655 1111 910 1180 diligentiae
952 1112 1099 1162 habeo
1131 1145 1147 1170 ‚
1190 1127 1243 1160 ut
1282 1114 1467 1164 credam
1503 1128 1554 1162 te

105 1182 233 1232 omni
276 1187 466 1233 ratione
501 1184 555 1232 id
597 1185 797 1234 aelurum
816 1219 831 1240 .
885 1203 943 1235 ne
977 1187 1074 1235 sint
1110 1185 1308 1235 obnoxii
1349 1186 1552 1249 injuriis.

106 1255 160 1306 Si
191 1256 277 1322 qui
307 1272 460 1306 autem
490 1253 546 1322 se
580 1275 748 1308 contra
777 1256 1077 1326 disciplinam
1112 1276 1262 1308 meam
1288 1257 1508 1326 gefferint
1533 1291 1553 1318 ,

97 1329 261 1391 statim
296 1331 606 1380 coerceantur
621 1350 641 1390 ‚-
683 1348 765 1382 aut
790 1367 810 1390 ,
842 1339 882 1383 si
925 1334 1036 1399 plus
1068 1329 1344 1397 admiserint
1365 1365 1381 1390 ‚
1419 1333 1555 1399 quarn

105 1419 154 1452 ut
187 1403 244 1452 in
273 1422 324 1453 re
351 1401 573 1470 prasenti
609 1402 731 1471 satis
760 1406 1057 1472 puniantur,
1089 1407 1131 1455 si
1167 1406 1343 1455 milites
1377 1421 1511 1456 erunt
1534 1438 1555 1461 ‚

106 1476 281 1545 legatis
316 1494 472 1526 eorum
509 1496 605 1544 quae
629 1480 983 1546 deprehenderis
1015 1496 1175 1530 notum
1200 1477 1356 1544 facies
1378 1496 1399 1537 3
1431 1492 1514 1528 aut
1534 1511 1552 1538 ,

107 1556 146 1600 si
175 1556 236 1601 in
265 1550 421 1599 urbem
453 1549 611 1618 versus
641 1553 827 1602 venturi
862 1568 998 1602 erunt
1015 1587 1033 1610 ,
1068 1553 1181 1601 mibi
1209 1551 1406 1619 scribes.

129 1660 520 1724 LXXXIII.
562 1641 825 1724 Pumus
864 1671 1173 1723 Tauno
1214 1671 1435 1723 laren.
1475 1671 1533 1724 S.

403 1778 485 1830 De
509 1780 851 1850 magistratibus
875 1778 1266 1849 provincialium.

118 1879 467 1975 CAUTUM
500 1920 609 1985 est,
642 1920 884 1974 Domine
906 1960 921 1983 ,
957 1918 1219 1989 Pompeia
1252 1920 1407 1990 lege,
1440 1935 1557 1989 quae

113 1995 363 2066 Bithynis
404 1998 521 2048 data
543 1994 651 2057 est,
692 2012 759 2047 ne
801 1994 919 2078 qnis
951 1995 1127 2062 capiat
1162 1993 1520 2064 magistratum
1541 2034 1558 2061 ‚

113 2084 246 2124 neve
307 2070 381 2123 sit
434 2069 493 2121 in
546 2068 731 2122 senatu
782 2067 961 2120 minor
1011 2083 1271 2118 annorum
1323 2066 1558 2138 triginta.

113 2142 305 2195 Eadem
340 2146 461 2212 lege
492 2142 936 2210 comprehensum
968 2140 1075 2203 est,
1106 2155 1166 2191 ut
1196 2139 1288 2209 qui
1323 2141 1562 2208 ceperint

114 2216 512 2285 magistratum,
555 2216 665 2266 sint
698 2215 755 2265 in
788 2215 990 2266 senatu.
1033 2210 1283 2265 Secut'um
1324 2214 1427 2265 est
1439 2213 1564 2265 dein

115 2290 370 2341 ediaum
402 2289 518 2341 divi
557 2287 777 2358 Augusti
800 2327 815 2350 ,
870 2304 979 2356 quo
1028 2286 1272 2354 permisit
1321 2287 1562 2339 minores

114 2363 449 2433 magistratus
487 2363 551 2414 ab
588 2361 742 2413 annis
787 2362 992 2412 duobus
1031 2361 1083 2411 ὅ(
1113 2359 1312 2429 viginti
1355 2377 1565 2432 capere.

115 2437 393 2502 Quaeritur
423 2446 572 2505 ergo
591 2451 697 2498 an,
734 2434 826 2502 qui
851 2434 1030 2484 minor
1052 2432 1269 2501 triginta
1303 2450 1564 2486 annorum

115 2511 278 2578 gessit
309 2509 642 2577 magistratus
668 2547 683 2572 ‚
719 2506 894 2575 possit
917 2524 946 2557 a
984 2506 1286 2558 censoribus
1322 2508 1379 2559 in
1414 2508 1567 2559 sena-

114 2597 222 2635 tum
253 2582 368 2652 legi
391 2621 407 2646 ‚
450 2583 502 2633 ὅ(
541 2583 588 2634 si
625 2579 797 2650 potest
819 2620 835 2642 ‚
869 2597 937 2630 an
968 2580 1010 2630 ii
1044 2596 1256 2647 quoque
1279 2620 1293 2643 ‚
1320 2580 1413 2648 qui
1452 2596 1567 2634 non

114 2656 397 2726 gefferint‚
424 2655 638 2723 possint
674 2670 769 2721 per
800 2655 1041 2711 eamdem
1073 2653 1567 2720 interpretationem

115 2732 172 2783 ab
208 2747 278 2783 ea
308 2742 467 2781 aetate
490 2729 761 2781 senatores
791 2727 933 2797 legi,
958 2743 988 2777 a
1019 2742 1122 2794 qua
1157 2726 1265 2782 inis
1300 2726 1568 2795 magistra-

115 2818 228 2855 tum
271 2819 459 2873 gerere
497 2799 804 2871 permissum
830 2799 940 2859 est·,
974 2802 1120 2869 quod
1155 2798 1395 2868 alioquin
1418 2798 1572 2851 saffi-

115 2891 286 2929 tatum
334 2877 390 2928 &
434 2877 599 2927 adhuc
636 2873 739 2927 effe
780 2871 1124 2926 necefi‘arium
1164 2873 1356 2925 dicitur
1387 2911 1402 2936 ‚
1448 2872 1573 2940 quia

117 2950 185 3005 sit
222 2949 505 3021 aliquante>
543 2948 737 3006 melius
760 2937 1110 3003 honestorum
1130 2946 1414 3000 hominum
1434 2946 1569 2999 libe-
