1951 3720
462 225 1096 338 EPIsT0·LAE.·
1142 268 1289 339 Lib.
1323 270 1373 341 1.
1574 293 1619 364 9

170 383 487 450 mitterem,
524 402 690 454 quum
720 402 823 456 ego
852 387 904 438 id
933 384 1109 454 ipsum
1138 385 1481 443 destinassem.
1517 389 1620 442 Ad·

170 458 347 511 ‚didisti
377 474 509 529 ergo
539 460 760 511 calcaria
787 459 978 527 sponte
1006 458 1281 519 currenti3
1315 460 1619 546 pariterque

167 532 234 583 z&
264 532 363 584 tibi
396 532 618 584 veniam
653 530 921 585 recusandi
952 531 1198 596 laboris,
1239 533 1294 585 &
1329 533 1462 585 mihi
1495 534 1615 587 exia-

166 606 330 674 gendi
359 605 742 658 verecundiam
771 604 1034 658 sustulisti.
1058 607 1198 657 Nam
1227 622 1329 658 nec
1357 623 1446 659 me
1475 607 1614 661 timi-

172 676 237 730 de
271 678 353 730 uti
382 681 537 731 decet
571 695 641 731 eo
679 680 825 747 quod
858 680 1109 730 oblatum
1125 679 1236 739 est·‚
1278 695 1378 733 nec
1407 695 1461 732 te
1497 698 1617 750 gra·

162 751 287 802 vari
316 754 469 820 quod
496 750 870 820 depoposcisti.
902 752 1031 803 Non
1060 752 1135 804 est
1163 766 1346 805 tamen
1378 756 1524 822 quod
1551 757 1617 809 ab

158 823 391 877 homine
422 825 693 878 desidioso
722 823 922 893 aliquid
945 824 1082 877 novi
1108 825 1286 893 operis
1317 827 1614 896 exspectem·

158 894 438 962 :Petiturus
452 899 569 950 sum
581 897 728 950 enirn
743 913 804 950 ut
821 898 997 950 rursus
1012 915 1171 950 vaces
1191 899 1424 952 sennoni
1428 917 1608 970 ,quem

155 973 303 1038 apud
332 972 637 1040 municipes
667 989 821 1024 meos
844 970 1038 1035 habui,
1067 971 1442 1026 bibliothecam
1473 975 1613 1027 dedi·

164 1058 397 1099 caturus.
439 1044 671 1097 Memini
704 1044 915 1114 quidem
946 1059 1002 1097 te
1035 1043 1140 1111 jam
1173 1048 1412 1115 quaedam
1440 1048 1610 1100 adno-

156 1115 294 1170 tafl'e
315 1158 332 1182 ‚
360 1118 464 1171 :fed
499 1119 858 1188 generaliter:
893 1118 1017 1173 ideo
1054 1135 1202 1172 nunc·
1228 1136 1365 1189 rogo
1400 1135 1461 1173 ut
1495 1137 1611 1173 non

163 1191 373 1243 tantum
398 1191 745 1245 universitati
775 1189 889 1255 ejus
918 1193 1190 1256 attendas,
1227 1194 1419 1246 ven'un
1445 1194 1610 1246 etiam

156 1264 453 1330 particulas
482 1282 589 1334 qua
618 1266 755 1316 soles
782 1263 910 1317 lima
939 1265 1288 1335 persequaris.
1321 1266 1435 1317 Erit
1461 1268 1608 1320 enim

152 1336 218 1388 ἃ
251 1338 376 1406 post
396 1337 838 1391 emendationem
866 1337 1092 1390 liberum
1124 1339 1279 1391 nobis
1309 1341 1401 1391 vel
1425 1339 1607 1423 publi·

156 1426 282 1464 care
311 1414 408 1464 vel
439 1412 734 1471 continere.
767 1402 1087 1477 Quinimmo
1116 1409 1328 1465 fortaffe
1355 1412 1535 1464 hanc
1520 1431 1603 1482 lp-

150 1483 274 1534 sam
306 1485 701 1538 cunfflztionem
726 1483 1001 1537 nostram
985 1501 1045 1536 ιιι
1068 1487 1371 1551 alterutram
1401 1486 1607 1540 senten·

159 1556 303 1609 tiam
320 1558 725 1612 emendationis
748 1557 886 1611 ratio
917 1560 1173 1623 deducet,
1207 1576 1322 1627 quae
1353 1574 1444 1611 aut
1473 1560 1606 1613 indi·-

152 1646 333 1699 gnum
354 1632 630 1694 editione
661 1634 788 1684 dum
808 1631 1001 1700 saepius
1022 1631 1604 1696 retraaat‚inve1riet·

126 1741 131 1745 -
158 1719 252 1755 aut
291 1705 551 1775 dignum,
590 1707 715 1757 dum
745 1705 800 1757 id
832 1704 1010 1779 ipsum
1039 1706 1354 1773 experitur,
1392 1707 1604 1761 efficiet.

158 1777 505 1848 Quamquam
539 1778 694 1845 hujus
730 1772 1085 1831 cunctationis
1120 1794 1251 1830 meae
1288 1779 1452 1831 causae
1494 1796 1606 1832 non

153 1866 273 1904 tam
317 1852 377 1905 in
414 1852 658 1922 scriptis,
690 1851 855 1922 quam
902 1852 960 1904 in
991 1850 1110 1920 ipso
1140 1852 1374 1906 materiae
1410 1870 1604 1923 genere

152 1925 596 1980 consistunt.1ist
618 1927 770 1979 enim
798 1924 960 1994 paulo
991 1925 1282 1995 gloriosius
1308 1928 1360 1979 δε
1391 1929 1604 1983 elatius,

160 1999 428 2053 Onerabit
457 2001 570 2052 hoc
584 1998 892 2052 modestiam
915 1998 1182 2063 nostram,
1213 2000 1425 2052 etimsi
1454 2000 1605 2056 stilus

161 2070 278 2140 ipse
306 2071 508 2142 press‘us
537 2071 884 2142 demiffusque
912 2072 1111 2136 fuerit,
1145 2086 1426 2141 propterea
1457 2073 1604 2143 quod

159 2146 409 2215 cogimur
434 2164 601 2217 quum
625 2148 693 2199 de
710 2144 1076 2198 munificentia
1097 2161 1375 2214 parentum
1399 2147 1602 2200 nostro-

160 2236 282 2271 rum
313 2260 327 2284 ‚
377 2235 493 2272 tum
532 2221 597 2272 de
636 2219 810 2273 nostra
848 2219 1129 2289 disputare.
1166 2220 1377 2288 Anceps
1417 2220 1506 2273 hic
1548 2223 1604 2275 δι

158 2292 393 2345 lubricus
429 2295 583 2346 locus
623 2292 703 2345 est
728 2332 745 2357 ‚
792 2292 953 2345 etiam
994 2309 1159 2362 quum
1196 2293 1278 2345 illi
1313 2295 1603 2351 necessitas

157 2367 515 2424 lenocinatur.
541 2366 751 2419 Etenim
774 2366 821 2418 si
842 2366 1027 2418 alienae
1059 2383 1274 2436 quoque
1297 2368 1475 2420 laudes
1507 2385 1606 2437 pa-

154 2456 279 2491 rum
309 2441 482 2508 aequis
515 2439 727 2492 auribus
756 2438 925 2508 accipi
956 2439 1130 2491 solent
1148 2478 1165 2503 ‚
1202 2439 1361 2509 quam
1390 2441 1605 2496 difficile

157 2511 234 2564 est
256 2514 500 2566 obtinere
516 2552 531 2576 ‚
565 2529 633 2565 ne
651 2511 871 2565 molesta
889 2513 1133 2565 videatur
1152 2513 1327 2566 oratio
1350 2516 1413 2566 de
1432 2516 1486 2567 se
1510 2531 1602 2569 aut

154 2587 223 2639 de
259 2587 366 2638 suis
402 2585 700 2639 differentis
723 2588 755 2652 ἦ
787 2587 930 2637 Nam·
961 2602 1134 2654 quum
1155 2585 1263 2655 ipsi
1295 2588 1557 2643 honestati
1583 2628 1599 2652 ,

64 2711 69 2714 .
155 2673 272 2711 tum
307 2658 586 2729 aliquanto
622 2657 790 2728 magis
829 2659 1016 2728 gloriae
1057 2659 1172 2725 ejus
1203 2660 1602 2727 predicationi-

124 2739 125 2742 ’
153 2749 260 2801 que
283 2733 592 2786 invidemus
618 2750 636 2792 ⁰,
664 2747 822 2800 atque
847 2749 909 2785 ea
932 2734 1153 2784 demum
1166 2731 1309 2785 reffe
1337 2734 1471 2786 fasta
1500 2734 1601 2786 mi-

153 2806 252 2858 uus
285 2808 671 2874 detorquemus
704 2807 761 2857 St:
784 2805 1048 2874 carpimus
1073 2844 1089 2869 ,
1126 2820 1244 2874 quae
1281 2805 1338 2857 in
1371 2807 1605 2859 obscuri·

60 2935 69 2941 ,
120 2943 123 2946 .
149 2891 260 2932 tate
292 2881 351 2934 δι
379 2878 614 2934 silentio
635 2893 986 2949 reponuntur.
1023 2879 1244 2947 Qua-ex
1279 2880 1428 2934 causa
1458 2881 1613 2950 sape:

1257 2954 1379 3005 Av.
