1951 3720
401 290 1351 365 Eptsrozaessihvll.
1460 315 1593 368 201

232 412 312 470 V.
353 413 687 467 Puruus
732 416 1222 468 CALruntuae
1264 430 1423 469 sus.
1459 418 1517 472 S.

253 536 448 607 Magno
478 534 533 605 se
575 537 740 589 uxoris
778 536 1013 590 desiderio
1050 537 1205 591 teneri
1237 539 1495 611 significat.

143 624 608 717 Incnmnmmz
646 659 721 713 est
760 673 961 729 quanto
999 661 1267 715 desiderio
1301 661 1380 716 tui
1405 678 1608 722 tenear.

140 734 205 787 In
235 735 395 787 causa
424 752 578 788 amor
607 733 873 802 primt'1m3
897 736 1122 800 deinde,
1149 739 1297 805 quod
1336 754 1450 792 non
1473 733 1607 792 con-

143 808 425 862 suevimus
450 805 640 861 abess'e.
681 810 810 861 Inde
839 807 914 860 est
950 808 1095 878 quod
1131 828 1376 881 magnam
1400 828 1606 881 partem

143 882 439 934 noctium
424 899 484 934 m
514 881 746 952 imagine
775 897 866 934 tua
903 882 1045 953 vigil
1081 884 1277 955 exigo:
1311 885 1433 939 inde
1458 887 1608 956 quod

145 953 382 1009 interdiu
402 995 418 1021 ‚
457 956 648 1025 quibus
666 955 817 1009 horis
839 970 890 1010 te
910 956 1083 1011 visere
1114 957 1369 1023 solebam,
1388 963 1451 1012 ad
1474 962 1608 1014 diae-

142 1041 250 1081 tam
290 1046 443 1082 tuam
474 1030 582 1098 ipsi
611 1047 734 1095 me,
756 1045 819 1083 ut
850 1029 1137 1084 verissime
1168 1032 1404 1098 dicitur,
1440 1037 1606 1103 pedes

142 1104 384 1164 ducunv,
407 1103 556 1174 quod
573 1104 803 1174 denique
821 1121 959 1174 aeger
980 1106 1033 1158 δι
1052 1106 1308 1170 moestus,
1329 1123 1391 1159 ac
1409 1108 1605 1164 similis

142 1178 409 1241 excluse,
441 1196 471 1230 a
508 1195 684 1231 vacuo
715 1178 904 1231 limine
928 1181 1141 1232 recedo.
1184 1183 1369 1234 Unum
1391 1195 1607 1251 tempus

143 1250 225 1304 his
245 1251 539 1304 tormentis
563 1267 729 1315 caret,
753 1270 863 1322 quo
886 1252 946 1305 in
967 1253 1090 1306 foro
1115 1254 1477 1307 &amicorum
1489 1256 1607 1309 liti·

143 1324 239 1378 bus
280 1342 557 1379 conteror.
597 1325 812 1379 AEstima
846 1341 907 1379 tu
930 1344 1049 1396 quae
1080 1327 1197 1380 vita
1229 1345 1348 1380 mea
1372 1329 1483 1393 sit,
1518 1329 1609 1382 cui

144 1399 363 1531 {33¹³oe
400 1400 459 1452 in
493 1402 712 1466 labore,
745 1400 805 1453 in
825 1400 1039 1454 miseria
1063 1401 1307 1472 curisque
1332 1402 1605 1459 solatium.

261 1491 291 1527 e

237 1572 357 1625 VI.
410 1571 742 1625 Pmmus
800 1573 1187 1625 MAcn1uo
1242 1587 1389 1626 suo
1443 1575 1498 1630 S.

148 1670 331 1723 Scribit
362 1669 416 1739 se
451 1672 502 1720 in
544 1668 686 1738 causa
711 1669 895 1722 Vareni
917 1704 931 1729 ,
972 1672 1030 1720 de
1065 1688 1157 1737 qua
1180 1670 1276 1732 jam
1303 1668 1471 1738 sapius
1489 1707 1508 1730 ‚
1535 1688 1612 1724 te·

218 1743 371 1812 nuiffe
395 1744 633 1795 silentium
656 1778 674 1801 ‚
711 1746 936 1811 docetque
961 1744 1188 1812 exemplis
1212 1762 1305 1793 non
1328 1746 1478 1796 mimis
1512 1747 1610 1795 ali-

218 1821 413 1889 quando
449 1818 708 1870 oratorium
741 1818 828 1884 effe
856 1833 1050 1881 tacere,
1085 1818 1220 1886 quein:
1263 1819 1436 1872 dicere.
1482 1819 1611 1875 Vide

227 1908 298 1960 5,
340 1909 431 1948 20.
470 1896 610 1945 Adde
645 1892 716 1956 6,
754 1904 841 1958 13.

150 2005 415 2099 ΒΑΕΔ.
462 2042 515 2094 &
558 2038 808 2094 notabilis
847 2057 934 2092 res
972 2039 1193 2092 Vareno
1231 2038 1497 2110 contigit,
1536 2040 1612 2094 sit

149 2115 276 2169 licet
310 2117 482 2169 adhuc
523 2115 698 2168 dubia.
753 2113 979 2183 Bithyni
1027 2114 1421 2167 accusationem
1452 2113 1565 2180 ejus
1587 2153 1607 2180 ,

149 2205 210 2241 ut
243 2206 446 2243 temere
483 2192 821 2252 inchoatam,
861 2187 1098 2240 omisiss‘e
1136 2204 1452 2248 narrantum
1491 2206 1613 2241 nar-

150 2280 331 2316 rantur
376 2264 502 2316 dico
533 2265 554 2316 .>
604 2261 740 2314 adest
779 2262 1076 2330 provinciae
1113 2264 1317 2329 legatus
1355 2282 1369 2315 z
1422 2262 1607 2316 attulit

151 2339 421 2391 decretum
453 2335 675 2390 concilii
698 2337 762 2388 ad
796 2340 837 2388 C
859 2335 1085 2397 -2sarem‚
1109 2335 1289 2386 attulit
1312 2338 1376 2389 ad
1399 2339 1605 2390 multos

151 2411 422 2480 principes
461 2412 612 2463 viros
643 2448 658 2472 ‚
695 2410 876 2462 attulit
914 2408 1076 2460 etiam
1114 2411 1178 2461 ad
1217 2425 1357 2473 nos,
1396 2409 1607 2463 Vareni

150 2487 466 2538 advocatos,
494 2483 687 2536 Perstat
708 2499 888 2536 tamen
909 2485 1046 2534 idem
1068 2482 1158 2534 ille
1181 2483 1410 2552 Magnus
1433 2503 1446 2534 t
1471 2483 1605 2552 quin

149 2559 313 2611 etiam
354 2558 639 2628 Nigrinum
666 2597 682 2622 ,
719 2559 991 2626 optimum
1030 2556 1210 2609 virum
1239 2595 1254 2620 ,
1289 2558 1608 2625 pertinacis·

154 2632 287 2686 sim'e
318 2646 559 2687 exercet.
594 2631 692 2683 Per
717 2632 857 2683 hunc
881 2649 909 2683 a
945 2629 1248 2682 consulibus
1271 2631 1564 2699 postulabat
1584 2669 1603 2696 ,

151 2721 215 2758 ut
237 2708 485 2759 Varenus
509 2706 760 2758 exhibere
790 2708 1027 2773 rationes
1060 2719 1359 2773 cogeretur.
1403 2702 1606 2757 Affiste·

151 2780 273 2832 bam
309 2781 533 2832 Vareno
576 2779 680 2844 jam
717 2780 920 2831 tannim
953 2793 1013 2830 ut
1055 2777 1293 2838 amicus,
1338 2779 1395 2829 δε.
1432 2793 1606 2831 tacere

152 2854 516 2907 decreveram.
564 2855 712 2906 N1hil
737 2856 882 2906 enim
906 2868 1012 2904 tam
1034 2852 1357 2905 contrarium
1388 2891 1403 2914 ‚
1443 2850 1604 2921 quam

155 2927 207 2981 si
227 2929 516 2983 advocatus
541 2946 571 2981 a
601 2929 783 2982 senatu
805 2930 955 2983 datus
979 2928 1313 2984 defenderem
1336 2942 1396 2978 ut
1416 2943 1564 2980 reum
1584 2964 1603 2991 ,

1283 3001 1309 3053 1
1344 3018 1384 3053 v
