1951 3720
422 249 1006 318 EPISToLAE.
1036 250 1185 347 Lib.
1225 249 1357 322 IX.
1463 272 1605 348 279

230 371 489 426 XXIII.
531 372 860 424 Pnuuus
900 371 1251 423 Maxumo
1294 386 1439 425 suo
1480 374 1540 427 S.

153 494 428 545 Del-'lotum
468 493 656 544 nomine
688 490 744 560 se
783 493 830 542 6·
869 492 1085 543 Tacitum
1117 494 1168 544 in
1200 494 1366 562 primis
1396 495 1609 566 intelligi

583 590 790 640 laemur.
829 588 953 641 Vide
985 604 1019 654 7
1038 624 1056 647 ,
1093 604 1184 642 20.

158 691 234 783 F
256 743 646 792 REvarrssn
666 730 845 800 agenti
868 729 1003 782 mihi
1030 731 1217 783 evenit
1237 771 1252 795 ‚
1278 746 1340 784 ut
1358 746 1609 786 centum·

154 802 301 867 viri,
345 821 510 872 quum
549 805 640 856 diu
688 806 741 857 se
779 804 914 856 intra
958 803 1195 870 judicum
1234 805 1605 863 auctoritatem

155 877 584 947 gravitatemque
614 877 899 931 tenuiffent
922 918 938 942 ‚
981 895 1170 931 omnes
1205 879 1424 947 repente
1453 880 1612 949 quasi

154 950 294 1002 viffl
331 951 611 1020 coactique
635 952 1012 1021 consurgerent
1041 953 1435 1022 laudarentque.
1480 955 1611 1006 Ere·

154 1040 384 1092 quenter
407 1041 439 1077 e
469 1026 652 1078 senatu
684 1026 875 1077 famam
896 1065 911 1089 ‚
944 1028 1155 1094 qualem
1188 1026 1423 1079 maxime
1448 1043 1610 1096 opta-

155 1114 343 1150 veram
364 1138 381 1162 ‚
423 1100 617 1151 retuli:
656 1116 946 1168 numquam
977 1114 1158 1151 tamen
1187 1098 1448 1163 majorem
1484 1098 1612 1170 cepi

152 1175 498 1241 voluptatem
523 1213 538 1237 ‚
572 1173 729 1243 quam
771 1190 941 1243 nuper
975 1189 1047 1224 ex
1082 1174 1328 1225 sermone
1363 1176 1610 1241 Cornelii

153 1245 349 1298 Taciti.
391 1247 645 1298 Narrabat
678 1245 859 1301 sediffe
893 1247 946 1299 se
985 1263 1107 1298 cum
1135 1249 1365 1315 quodam
1394 1248 1620 1300 Circen-

155 1318 300 1371 sibus
343 1321 615 1387 proximis
649 1339 664 1372 :
702 1305 842 1372 hunc
887 1319 1007 1388 post
1040 1322 1226 1372 varios
1268 1322 1611 1390 eruditosque

158 1391 438 1445 sermones
472 1393 747 1461 requisiffe
770 1433 786 1458 ,
820 1393 1023 1445 Italicus
1044 1413 1092 1444 es
1117 1429 1132 1450 ,
1168 1413 1229 1444 an
1254 1396 1612 1463 provincialis?

156 1465 210 1517 se
234 1466 562 1535 respondisse
582 1506 600 1531 ‚
641 1469 780 1530 Nosti
809 1486 883 1518 me
899 1499 915 1526 ,
939 1469 987 1517 6·
1010 1470 1191 1536 quidem
1217 1488 1278 1519 ex
1304 1470 1493 1531 studiis.
1529 1471 1614 1522 Ad

155 1538 260 1591 hoc
308 1540 464 1590 illum
498 1560 513 1592 z
553 1540 745 1591 Tacitus
788 1560 871 1597 es,
906 1560 966 1590 an
1004 1542 1192 1591 Plinius
1224 1544 1249 1591 ?
1299 1542 1615 1609 Exprimere

157 1628 271 1665 non
314 1612 566 1681 pumun,
592 1613 752 1683 quam
800 1613 874 1666 sit
921 1613 1209 1678 jucundum
1251 1615 1423 1678 mihiq
1466 1615 1617 1684 quod

160 1685 390 1738 nomina
422 1685 595 1739 nostra
621 1726 635 1751 ,
673 1688 823 1756 quasi
858 1687 1157 1740 litterarum
1188 1688 1407 1756 propria
1439 1727 1455 1751 ‚
1498 1706 1617 1741 non

156 1760 444 1812 hominum
478 1800 494 1824 ,
543 1761 738 1813 litteris
792 1763 1079 1814 redduntur
1121 1780 1139 1820 ·‚
1193 1759 1337 1829 quod
1387 1776 1615 1830 uterque

156 1833 400 1887 nostrum
447 1833 532 1887 his
580 1834 743 1888 etiam
795 1851 866 1887 ex
920 1834 1103 1888 studiis
1146 1846 1307 1887 notus
1349 1874 1366 1900 ‚
1419 1835 1614 1904 quibus

158 1908 315 1961 aliter
360 1909 577 1978 ignotus
618 1909 710 1963 est.
764 1909 972 1962 Accidit
1010 1910 1154 1961 aliud
1193 1923 1315 1962 ante
1350 1913 1611 1979 pauculos

159 1982 273 2035 dies
313 1982 518 2035 simile.
572 1984 934 2035 Recumbebat
981 1999 1193 2035 mecum
1234 1982 1324 2035 vir
1364 1983 1616 2053 egregius

157 2056 351 2109 Fabius
393 2056 617 2109 Rufinus
642 2096 659 2119 ‚
705 2057 862 2125 super
908 2074 1033 2109 eum
1078 2056 1356 2125 municeps
1397 2056 1565 2125 ipsius
1586 2078 1615 2121 ·,

160 2130 255 2198 qui
296 2131 397 2182 illo
428 2131 514 2183 die
537 2130 772 2199 primum
799 2145 1023 2184 venerat
1052 2132 1111 2184 in
1137 2132 1358 2183 urbem:
1383 2131 1470 2182 cui
1493 2131 1610 2182 Ru-

160 2204 304 2257 finus
327 2244 344 2266 ,
377 2204 738 2257 demonstrans
758 2222 875 2267 me,
905 2204 1053 2257 Vides
1074 2207 1192 2255 hunc
1212 2206 1237 2254 ‚⁷
1261 2205 1434 2256 Multa
1458 2205 1613 2256 dein·

160 2279 223 2330 de
263 2281 328 2331 de
367 2277 549 2331 studiis
579 2278 790 2331 nostris.
823 2280 890 2330 Et
909 2279 1002 2331 ine
1024 2318 1043 2343 ‚
1074 2279 1263 2329 Plinius
1287 2279 1352 2342 est
1370 2314 1384 2337 ,
1412 2277 1617 2346 inquit.

160 2351 372 2405 Verum
393 2353 600 2406 fatebor
618 2391 634 2416 ,
665 2353 821 2421 capio
854 2368 1105 2422 magnum
1124 2352 1319 2405 laboris
1341 2351 1449 2404 mei
1468 2352 1613 2404 fruo-

159 2436 294 2480 tum.
340 2427 428 2479 An
463 2425 511 2478 si
541 2426 929 2479 Demosthenes
951 2425 1066 2490 iure
1090 2428 1297 2478 laetatus
1325 2425 1431 2487 est,
1464 2424 1612 2493 quod

159 2497 316 2555 illum
353 2517 486 2552 anus
519 2500 697 2553 Attica
729 2500 804 2552 ita
837 2499 1157 2563 noscitavit‚
1182 2494 1350 2562 οἶνός
1385 2499 1463 2559 ἔςι
1497 2506 1610 2563 Δη-

161 2583 458 2658 μηθίηςέ
493 2598 598 2651 ego
628 2582 930 2634 celebritate
968 2581 1205 2634 nominis
1241 2581 1348 2631 mei
1384 2581 1610 2650 gaudere

163 2679 277 2716 non
306 2666 518 2717 debeo?
550 2664 664 2732 Ego
686 2661 823 2715 vero
850 2663 903 2713 &
921 2663 1153 2731 gaudeo,
1179 2661 1231 2712 ὅτ
1268 2662 1489 2729 gaudere
1523 2678 1612 2714 me

163 2737 305 2791 dico,
349 2739 538 2806 Neque
564 2737 708 2789 enim
726 2752 921 2788 vereor
939 2743 1042 2799 ‚‘ne
1071 2734 1351 2801 jaaamior
1385 2734 1570 2785 videar
1593 2775 1611 2799 ‚

166 2827 332 2879 quum
363 2813 429 2863 de
449 2828 535 2863 me
559 2810 787 2862 aliorum
805 2808 1061 2875 judicium
1084 2849 1098 2872 ‚
1130 2825 1241 2860 non
1280 2823 1457 2858 meum
1479 2811 1614 2874 pro'-

165 2884 279 2935 fero
303 2903 318 2942 3
345 2884 638 2953 praesertim
675 2885 812 2952 apud
836 2896 888 2935 te
913 2922 928 2946 ‚
967 2882 1064 2950 qui
1088 2898 1185 2935 nec
1209 2882 1368 2934 ullius
1398 2879 1617 2933 invides

167 2957 407 3013 laudibus
421 2998 439 3024 ,
462 2959 517 3012 δι
535 2958 683 3013 faves
707 2954 924 3011 nostris.
939 2956 1102 3012 Vale.
