1951 3720
437 326 1021 396 EPISTOLAE.
1063 328 1209 396 Lib.
1251 327 1362 398 ΙΙΙ.
1542 327 1642 420 69

180 460 530 512 praecurrere:
572 447 715 499 Tum
747 464 885 516 ego:
912 449 1104 498 Desino
1131 481 1146 506 ,
1191 447 1405 516 inquam
1427 486 1441 510 ‚
1478 446 1540 499 P.
1579 453 1633 500 C.

179 538 357 586 putare
391 538 463 570 me
498 521 652 586 justas
689 520 1006 588 excusationis
1039 519 1203 588 causas
1244 520 1467 586 attuliffe.
1520 520 1638 571 Pla-

186 592 293 643 cuit
336 593 392 643 ὅ(
442 592 700 645 modestia
748 593 1008 645 sermonis
1056 595 1108 645 δε
1146 593 1303 646 ratio.
1361 594 1639 660 Compulit

186 681 362 716 autem
395 683 484 718 me
519 668 582 717 ad
611 667 718 718 hoc
748 667 1033 719 consilium
1067 683 1178 718 non
1201 667 1375 718 solum
1413 667 1637 717 consen·

187 738 270 789 sus
313 739 532 790 senatus
561 741 580 803 (
608 757 927 808 quamquam
950 741 1038 791 hic
1070 739 1345 806 maxime)
1370 739 1560 791 verum
1588 740 1642 790 &

187 811 275 862 alii
312 811 533 879 quidam
559 813 831 875 minores,
864 813 950 864 sed
972 829 1149 863 tamen
1182 811 1406 864 numeri.
1433 811 1639 864 Venie-

187 884 271 935 bat
306 884 366 934 in
404 900 682 948 mentem,
719 886 926 953 priores
957 884 1163 937 nostros
1200 885 1360 937 etiam
1391 885 1639 970 singulo·

189 974 302 1007 rum
321 958 638 1026 hospitum
627 956 843 1023 injurias
875 959 1291 1010 accusationibus
1318 947 1639 1011 voiuntariis

189 1030 508 1090 exsecutos,
530 1030 639 1100 quo
665 1032 955 1084 deformius
987 1033 1265 1097 arbitrabar
1286 1031 1482 1099 publici
1512 1032 1639 1083 hos-

189 1103 309 1170 pitii
339 1104 458 1169 jura
496 1106 783 1174 negligere.
830 1092 1088 1157 Praeterea
1130 1122 1294 1173 quum
1336 1106 1643 1156 recordarer

191 1192 384 1245 quanta
433 1194 538 1246 pro
583 1178 767 1231 iisdem
813 1178 1024 1231 Baeticis
1054 1177 1234 1245 priore
1286 1178 1641 1231 advocatione

190 1249 351 1302 etiam
385 1251 626 1319 pericula
655 1250 918 1304 subiiffem
939 1291 955 1313 ,
998 1251 1416 1302 conservandum
1439 1251 1639 1304 veteris

193 1324 354 1375 officii
397 1323 654 1376 meritum
696 1342 845 1377 novo
891 1324 1186 1376 videbatur.
1248 1322 1331 1374 Est
1377 1322 1521 1375 enim
1569 1324 1643 1376 ita

193 1413 599 1480 comparatum,
634 1412 695 1449 ut
723 1397 1024 1467 antiquiora
1059 1395 1316 1448 beneficia
1332 1397 1601 1448 subvertas
1624 1437 1639 1460 ,

195 1470 298 1521 nisi
334 1474 428 1522 illa
468 1469 845 1555 posterioribus
879 1473 1136 1523 cumules.
1180 1472 1317 1521 Nam
1352 1469 1643 1539 quamlibet

197 1544 329 1611 saepe
361 1544 623 1614 obligati,
664 1545 709 1596 si
746 1545 875 1613 quid
911 1560 1075 1595 unum
1098 1560 1297 1612 neges,
1330 1544 1435 1595 hoc
1469 1543 1641 1595 solum

198 1617 560 1669 meminerunt
590 1619 735 1686 quod
757 1633 1007 1687 negatum
1031 1616 1121 1669 est.
1164 1617 1408 1668 Ducebar
1439 1616 1597 1668 etiam
1625 1656 1641 1681 ‚

199 1690 338 1758 quod
392 1689 678 1744 decefi‘erat
734 1691 997 1743 Classicus
1039 1728 1056 1752 ‚
1101 1704 1445 1757 amotumque
1490 1705 1600 1740 erat
1627 1729 1643 1754 ‚

200 1766 341 1832 quod
378 1764 439 1816 in
476 1763 738 1830 ejusmodi
766 1764 938 1816 causis
964 1764 1101 1815 solet
1123 1760 1224 1814 effe
1250 1761 1603 1814 tristissimum
1628 1801 1644 1826 ,

197 1837 496 1906 periculum
529 1837 806 1892 senatoris,
847 1838 1110 1890 Videbam
1141 1852 1269 1906 ergo
1301 1835 1644 1889 advocationi

202 1929 328 1964 meae
378 1930 496 1964 non
547 1912 811 1965 minorem
850 1912 1071 1980 gratiam
1095 1950 1108 1974 ‚
1149 1909 1307 1978 quam
1346 1910 1393 1962 si
1432 1910 1647 1965 viveret

206 1983 289 2037 ille
309 2025 324 2049 ,
349 1986 691 2054 propositam
712 2025 727 2049 ,
765 1985 1024 2037 invidiam
1047 1985 1264 2036 nullam.
1310 1984 1371 2035 In
1401 1985 1603 2035 summa
1632 2024 1647 2048 ‚

205 2061 609 2127 computabam,
653 2059 699 2111 si
733 2076 950 2110 munere
983 2059 1086 2109 hoc
1115 2056 1223 2122 jam
1260 2054 1420 2109 tertio
1454 2057 1645 2126 funge-

206 2148 286 2183 rer
305 2171 320 2195 ,
357 2132 658 2185 faciliorem
689 2131 822 2183 mihi
857 2130 1254 2184 excusationem
1275 2130 1390 2182 fore
1413 2169 1428 2193 ,
1454 2133 1500 2182 si
1525 2129 1645 2198 quis

206 2203 498 2269 incidisset,
552 2223 713 2275 quem
749 2223 862 2257 non
897 2206 1141 2257 deberem
1191 2204 1444 2255 accusare.
1506 2205 1643 2255 Nam

208 2295 367 2346 quum
399 2278 473 2331 est
510 2279 755 2331 omnium
793 2278 1090 2331 officiorum
1123 2276 1246 2329 finis
1279 2276 1469 2345 aliquis
1492 2316 1506 2340 ,
1531 2291 1645 2330 tum

209 2351 412 2419 optime
442 2353 675 2405 libertati
704 2353 862 2404 venia
886 2351 1141 2420 obsequio
1164 2365 1499 2419 praeparatur.
1533 2351 1644 2402 Au-

210 2424 323 2478 disti
361 2426 579 2479 consilii
622 2426 730 2477 mei
771 2440 988 2483 motus;
1029 2423 1254 2493 superest
1292 2426 1538 2475 alterutra
1575 2440 1646 2478 ex

211 2514 354 2566 parte
384 2499 639 2564 judicium
662 2514 848 2559 tuum;
875 2499 931 2549 in
951 2515 1059 2566 quo
1088 2497 1220 2549 mihi
1243 2496 1390 2564 aeque
1422 2495 1647 2559 iucunda

213 2574 313 2625 erit
337 2573 648 2641 simplicitas
672 2571 1022 2631 diffentientis
1047 2612 1059 2635 ,
1095 2569 1252 2640 quam
1288 2571 1642 2639 comproban-

214 2646 283 2700 tis
319 2646 621 2703 auctoritas.
657 2647 813 2701 Vale.
