1951 3720
368 323 1293 407 EptsToLAE.Lib.III.
1454 357 1544 431 93

214 444 375 500 xlx.
418 448 748 504 Pnnnss
793 452 1179 509 CALVISIO
1223 468 1367 509 suo
1402 457 1458 511 S.

203 565 372 639 Quaen‘t
410 584 564 618 utrum
592 572 778 638 praestec
816 574 975 623 vicina
1013 582 1139 644 agris
1171 574 1273 644 fiais
1302 580 1484 646 praedia

468 681 619 713 emere
640 697 655 723 ,
694 683 755 713 an
777 666 974 734 Ἴζωιεςίιὶε
1008 669 1196 721 dissita.

141 768 485 867 Assumo
541 830 595 868 te
638 816 695 868 in
753 817 1042 872 consilium
1095 822 1174 874 rei
1219 824 1493 881 familiaris
1536 837 1560 895 ξ

141 896 189 931 ut
206 884 358 939 soleo,
399 888 601 942 Praedia
634 890 776 959 agris
798 893 932 945 meis
953 893 1136 947 vicina
1156 935 1171 960 ‚
1204 913 1360 967 atque
1393 901 1555 954 etiam

142 951 338 1023 inserta,
375 964 592 1014 venalia
627 964 766 1017 sunt.
804 966 868 1016 In
900 965 984 1018 his
1022 985 1108 1020 me
1151 974 1316 1024 multa
1358 974 1557 1028 sollici-

142 1040 233 1082 tant
254 1071 267 1093 ,
305 1034 484 1103 aliqua
529 1053 628 1088 nec
681 1038 888 1090 minora
940 1041 1223 1097 deterrent.
1287 1047 1558 1101 Sollicitat

140 1103 342 1167 primum
402 1108 515 1175 ipsa
572 1111 908 1178 pulchritudo
950 1112 1203 1183 jungendi
1241 1135 1257 1176 ;
1304 1120 1493 1173 deinde
1537 1160 1554 1184 ,

142 1180 261 1241 quod
281 1195 389 1231 non
422 1182 599 1235 minus
623 1184 754 1237 utile
778 1185 935 1253 quam
955 1190 1344 1255 voluptuosum
1366 1231 1382 1255 ,
1403 1193 1554 1259 poffe

141 1263 331 1319 utraque
374 1254 563 1307 eadem
596 1257 760 1324 opera
780 1297 794 1321 ,
828 1260 1018 1311 eodem
1052 1262 1255 1314 viatico
1286 1263 1517 1318 invisere
1537 1303 1555 1329 ,

141 1320 215 1375 sub
248 1328 434 1378 eodem
467 1346 814 1397 procuratore
838 1371 853 1394 ‚
889 1349 948 1384 ac
983 1350 1120 1401 pene
1152 1334 1335 1388 iisdem
1361 1337 1558 1391 affori-

141 1395 219 1447 bus
249 1400 467 1465 habere,
486 1420 649 1454 unam
679 1404 864 1460 villam
888 1408 1064 1458 colere
1089 1408 1142 1459 δε
1172 1415 1399 1474 ornare‘‚
1432 1413 1561 1465 alte-

141 1486 234 1521 ram
258 1475 461 1526 tantum
482 1476 637 1529 tueri.
676 1478 812 1530 Inest
839 1478 964 1530 huic
997 1483 1388 1549 computationi
1415 1485 1558 1537 sum-

141 1557 243 1610 ptus
272 1547 614 1615 supellectilis
636 1589 651 1613 ‚
672 1550 909 1619 sumptus
930 1552 1239 1607 atriensium
1261 1595 1276 1620 ,
1301 1558 1560 1625 topiario·

142 1633 238 1668 rum
261 1658 275 1682 ‚
314 1622 589 1675 fabrorum
609 1623 631 1685 ,’
668 1639 825 1692 atque
863 1625 1025 1677 etiam
1060 1630 1330 1681 venatorii
1368 1630 1560 1684 instru-

142 1692 320 1753 menti;
361 1712 480 1763 quae
516 1696 806 1764 plurimum
847 1699 1006 1750 refert
1027 1739 1041 1763 ‚
1077 1718 1246 1752 unum
1281 1702 1339 1753 in
1378 1704 1561 1757 locum

142 1766 355 1820 conferas
378 1807 392 1832 ‚
434 1786 502 1821 an
543 1770 601 1822 in
638 1771 842 1823 diversa
872 1771 1157 1842 dispergas.
1207 1774 1407 1827 Contra
1431 1815 1445 1839 ‚
1472 1794 1563 1829 ve·

142 1853 244 1891 reor
276 1858 342 1894 ne
378 1843 450 1895 sit
487 1843 790 1909 incautum,
816 1863 928 1897 rem
960 1860 1068 1898 tam
1099 1865 1341 1917 magnam
1373 1849 1561 1904 iisdem

145 1915 515 1982 tempestatibus
537 1957 552 1982 ,
602 1918 788 1970 iisdem
831 1921 1036 1972 casibus
1080 1920 1312 1976 subdere.
1370 1925 1563 1978 Tutius

145 1985 332 2040 videtur
369 1991 571 2043 incerta
601 1993 826 2044 fortunae
860 1992 1252 2061 poflessionum
1286 1997 1563 2050 varietati-

146 2058 225 2111 bus
258 2064 510 2130 experiri.
564 2066 731 2117 Habet
759 2066 920 2118 etiam
958 2070 1186 2120 multum
1221 2068 1564 2133 jucunditatis

147 2131 233 2184 soli
270 2136 501 2206 coelique
534 2134 760 2191 m'utatio
782 2178 796 2202 ‚
831 2140 1045 2208 ipsaque
1079 2141 1169 2193 illa
1205 2143 1565 2213 peregrinatio

146 2203 268 2259 inter
287 2210 390 2262 sua.
412 2212 439 2264 J
446 2229 531 2263 am
554 2251 569 2276 ‚
607 2214 752 2280 quod
784 2214 1179 2267 deliberationis
1199 2216 1386 2268 nostrae
1406 2232 1566 2285 caput

148 2279 209 2330 est
237 2320 252 2343 ,
287 2284 394 2352 agri
424 2284 547 2336 sunt
582 2286 785 2338 fertiles
811 2326 825 2350 ,
865 2286 1089 2357 pingues
1117 2328 1134 2352 ‚
1171 2290 1360 2357 aquosi
1387 2309 1400 2342 ε
1441 2307 1567 2343 con-

148 2351 262 2407 stant
288 2358 485 2426 campis
505 2399 521 2422 ,
554 2359 731 2411 vineis
756 2398 773 2422 ,
810 2359 963 2414 silvis
987 2399 1002 2422 ,
1042 2378 1158 2429 quae
1198 2363 1472 2415 materiam
1514 2366 1568 2416 δε

148 2442 207 2477 ex
238 2446 297 2480 ea
330 2432 557 2484 reditum
582 2433 721 2485 sicut
754 2434 1025 2485 modicum
1051 2473 1066 2497 ‚
1105 2435 1178 2486 ita
1208 2434 1395 2489 statum
1429 2455 1566 2505 prae-

150 2498 280 2556 stant.
319 2505 420 2556 Sed
449 2506 561 2558 haec
598 2507 821 2558 felicitas
840 2522 994 2559 terrae
1030 2507 1309 2561 imbecillis
1352 2511 1567 2564 cultori-

149 2573 230 2627 bus
268 2577 527 2647 fatigatur.
554 2582 692 2631 Nam
726 2579 980 2648 poffess‘or
1017 2580 1165 2649 prior
1200 2582 1389 2650 saepius
1427 2602 1567 2636 ven-

151 2647 266 2700 didit
286 2651 540 2721 pignora·‚
564 2654 615 2704 ὅ(
645 2655 769 2704 dum
799 2654 1001 2722 reliqua
1020 2656 1337 2708 colonorum
1370 2656 1569 2709 minuit

153 2723 208 2772 ad
236 2737 440 2792 tempus
466 2765 481 2789 ‚
524 2727 668 2779 vires
704 2727 761 2777 in
814 2726 1080 2795 posterum
1115 2729 1358 2782 exhausit
1379 2769 1394 2792 ‚
1438 2748 1569 2798 qua-

154 2811 256 2848 rum
284 2798 577 2852 defectione
619 2801 795 2852 rursus
835 2801 1039 2870 reliqua
1078 2816 1379 2854 creverunt.
1432 2805 1569 2854 Sunt

154 2885 266 2938 ergo
342 2871 625 2925 instruendi
693 2876 994 2942 complures
1069 2875 1207 2944 frugi
1276 2874 1567 2942 mancipes.

156 2941 276 2996 Nam
311 2962 406 3003 nec
453 2946 565 3016 ipse
609 2948 830 3018 usquam
864 2947 1081 3006 vinCwS
1117 2949 1285 3003 habeo
1312 2987 1328 3015 ,
1361 2965 1458 3002 nec
1494 2948 1571 3002 ibi
