1951 3720
413 366 1044 433 EPISTOLAE.
1097 363 1328 434 Lib.I.
1443 366 1590 454 *29

155 502 324 557 XXII.
362 470 579 557 l’mn.
620 505 970 556 Cli-rxtxo
1007 504 1324 557 Szvzno
1367 514 1509 555 suo
1546 503 1601 554 S.

228 621 422 674 Laudat
441 623 716 686 Amfionem
733 657 748 683 ‚
776 624 901 690 cujus
933 624 1158 677 diuturne?
1186 625 1456 677 valetudine
1491 622 1539 670 in

552 717 665 767 urbe
690 714 745 785 se
774 718 974 769 detineri
991 715 1182 786 scribit.

154 821 244 916 D
264 880 286 916 1
304 880 350 918 u
387 865 498 931 iam
520 865 579 916 in
596 867 724 917 urbe
740 866 920 918 haereo
944 905 959 929 ,
996 866 1047 917 ὅ(
1073 864 1285 935 quidem
1316 862 1596 918 attonituS.

150 935 423 990 Perturbat
469 955 557 990 me
606 940 768 1008 longa
806 940 857 990 δε
902 939 1150 1006 pertinax
1188 940 1440 990 valetudo
1483 937 1598 989 Titi

153 1010 414 1063 Aristonis
432 1051 447 1075 ‚
469 1029 629 1081 quem
669 1012 1005 1082 singulariter
1043 1013 1097 1064 &
1125 1011 1294 1063 miror
1325 1012 1376 1062 δε
1408 1010 1595 1080 diligo.

150 1083 292 1135 Nihil
331 1084 412 1136 est
450 1084 597 1136 enim
628 1085 726 1137 illo
751 1085 964 1155 gravius
993 1125 1007 1148 ,
1046 1084 1271 1137 sanfiiius
1293 1124 1307 1148 ,
1342 1082 1547 1135 doCtius
1575 1104 1593 1143 ·‚

150 1171 206 1206 ut
225 1157 361 1208 mihi
382 1174 500 1208 non
529 1175 666 1210 unus
684 1159 853 1210 homo
875 1198 890 1221 ,
914 1150 1004 1218 ssed
1025 1158 1214 1210 litterae
1239 1158 1363 1225 ipsae
1379 1158 1598 1208 omnes-

152 1245 246 1296 que
283 1233 445 1282 bonae
476 1245 616 1284 artes
652 1231 710 1282 in
744 1248 854 1283 uno
891 1230 1113 1282 homine
1149 1232 1413 1282 summum
1450 1229 1593 1296 pei-i-

148 1306 323 1355 culum
346 1304 493 1356 adire
514 1304 813 1358 videantur.
854 1303 1030 1369 Quam
1062 1303 1263 1372 peritus
1296 1303 1385 1354 ille
1414 1302 1466 1353 &
1485 1302 1597 1369 pri·
1687 1324 1692 1331 r

148 1376 257 1427 vati
292 1375 429 1440 juris
465 1378 518 1428 &
549 1378 746 1445 publici
771 1382 782 1431 Ε
808 1391 1064 1446 quantum
1101 1393 1275 1428 rerum
1294 1416 1307 1439 ‚
1340 1391 1596 1444 quantum

147 1453 527 1517 exemplorum
547 1490 561 1514 ‚
589 1466 845 1518 quantum
864 1449 1195 1517 antiquitatis
1213 1464 1363 1501 tenet
1391 1453 1402 1502 Ξ
1442 1447 1595 1501 Nihil

148 1520 216 1572 est
235 1525 386 1591 quod
405 1523 603 1575 discere
620 1525 778 1587 velis,
794 1525 938 1591 quod
955 1523 1048 1575 ille
1067 1525 1256 1575 docere
1271 1539 1384 1574 non
1401 1522 1611 1589 possin,

148 1594 277 1646 mihi
298 1594 448 1648 certe
469 1635 484 1659 ,
525 1596 735 1665 quoties
768 1596 967 1665 aliquid
998 1597 1232 1648 abditum
1254 1612 1436 1664 quaero
1459 1634 1473 1657 ,
1505 1595 1598 1647 ille

147 1668 421 1721 thesaurus
446 1668 537 1722 est.
563 1671 679 1723 Jam
700 1686 895 1739 quanta
926 1670 1259 1722 sermonibus
1284 1668 1397 1731 ejus
1418 1666 1548 1719 fides
1578 1673 1591 1721 Ξ

149 1757 341 1809 quanta
378 1742 702 1797 auGoritas!
737 1743 894 1811 quam
936 1742 1101 1811 press'a
1125 1743 1177 1794 δί
1212 1743 1402 1793 decora
1437 1757 1596 1791 cunc·

147 1814 277 1869 tatio
302 1820 314 1870 Ξ
354 1816 504 1883 Quid
533 1814 607 1868 est
637 1819 780 1885 quod
811 1833 922 1869 non
952 1814 1126 1869 statim
1146 1814 1274 1868 sciat
1287 1817 1315 1867 »ἓ
1343 1815 1394 1867 δε
1417 1827 1597 1867 tamen

147 1892 463 1959 plerumque
502 1889 712 1942 haesitat
743 1930 758 1954 ‚
804 1890 1005 1942 dubitat
1026 1930 1041 1954 ‚
1077 1889 1386 1942 diversitate
1428 1889 1595 1940 ratio-

149 1978 272 2015 num
306 2003 322 2026 ,
369 1980 502 2032 quas
551 1963 657 2015 acri
696 1980 999 2032 magnoque
1037 1962 1237 2027 iudicio
1279 1963 1354 2013 ab.
1384 1961 1594 2031 origine

149 2037 422 2104 causisque
464 2036 652 2104 primis
705 2039 898 2105 repetit
920 2075 936 2099 ,
986 2035 1269 2097 discernit,
1317 2036 1593 2103 expendit.

151 2109 225 2160 Ad
251 2111 361 2162 hoc
386 2149 401 2173 ,
443 2107 603 2177 quam
638 2126 824 2178 parcus
861 2110 919 2160 in
940 2108 1124 2163 victu!
1158 2109 1316 2177 quam
1351 2108 1593 2160 modicus

151 2179 204 2231 in
224 2185 410 2235 cultu!
439 2184 605 2235 Soleo
636 2183 838 2251 ipsum,
883 2182 1182 2234 cubiculum
1215 2179 1359 2245 eim,
1388 2181 1591 2250 ipsum-

152 2270 247 2321 que
270 2254 471 2307 tectum
487 2295 502 2318 ‚
528 2269 587 2307 ut
612 2254 898 2325 imaginem
919 2257 1197 2323 quamdam
1209 2255 1394 2322 priscae
1412 2255 1590 2324 fruga-

151 2328 310 2381 litatis
329 2368 344 2392 ‚
378 2329 664 2396 adspicere.
701 2331 876 2381 Ornat
904 2329 1018 2380 haec
1043 2329 1351 2397 magnitudo
1382 2331 1547 2381 animi
1573 2369 1590 2393 ,

151 2417 259 2469 quae
309 2402 450 2453 nihil
508 2403 574 2454 ad
622 2401 1032 2453 ostentationem
1067 2441 1081 2465 ,
1122 2405 1305 2453 omnia
1345 2404 1408 2453 ad
1456 2419 1591 2454 con·-

152 2474 425 2527 scientiam
462 2475 662 2534 refert3
694 2473 940 2542 resteque
977 2474 1099 2526 fasti
1124 2512 1138 2538 ,
1164 2491 1276 2526 non
1300 2492 1370 2526 ex
1405 2475 1596 2544 populi

152 2547 393 2600 sermone
423 2551 750 2611 mercedem,
790 2547 879 2599 sed
901 2563 971 2598 ex
993 2548 1133 2599 fasto
1164 2548 1317 2617 petit.
1349 2549 1412 2599 In
1449 2550 1593 2600 sum-

151 2637 260 2682 ma,
287 2638 406 2672 non
424 2619 579 2673 facile
611 2637 931 2689 quemquam
945 2637 1016 2672 ex
1034 2620 1141 2671 istis
1165 2660 1177 2681 ‚
1203 2621 1294 2688 qui
1320 2621 1591 2689 sapientiae

152 2691 371 2745 studium
390 2694 575 2745 habitu
598 2693 841 2761 corporis
865 2710 972 2760 prae
997 2694 1050 2745 se
1079 2695 1255 2745 ferunt
1275 2733 1289 2755 ‚
1318 2695 1443 2747 huic
1464 2696 1590 2747 viro

152 2766 498 2834 comparabis
530 2768 657 2818 Non
681 2767 894 2835 quidem
931 2767 1209 2836 gymnasia
1242 2766 1463 2819 se&atur
1503 2783 1595 2818 aut

151 2842 385 2906 porticus
421 2878 437 2903 ,
484 2855 582 2891 nec
641 2838 1083 2907 disputationibus
1133 2839 1309 2909 longis
1363 2840 1591 2892 aliorum

153 2911 318 2963 otium
355 2914 616 2981 suumque
636 2912 857 2965 delectat
879 2932 891 2964 z
918 2913 1007 2965 sed
1031 2912 1087 2964 in
1111 2927 1236 2982 toga
1253 2912 1589 2982 negotiisque

152 2985 381 3038 versatur
413 3005 426 3039 ε
472 2989 673 3041 multos
710 2985 1066 3040 advocatione
1090 3025 1105 3053 ,
1149 2989 1329 3110 9¹¹3&
1359 2985 1590 3039 consilio

1275 3076 1331 3125 111
