1951 3720
303 329 440 400 272
589 305 876 373 ’0,411
949 303 1445 371 ΡιιΝιι’

295 430 388 481 vel
427 439 755 496 proventum
793 423 1057 477 orationis
1094 464 1111 488 ‚
1154 425 1247 477 vel
1277 420 1475 475 asteris
1513 419 1753 474 constan·

299 500 432 567 tiam
485 501 753 553 subsecuta
793 497 884 552 est.
940 498 1117 551 Pinio·
1179 496 1375 565 Incipit
1429 495 1754 564 respondere

303 573 542 639 Veiento
576 594 589 626 ε
625 590 785 626 nemo
824 571 1027 640 patitur
1057 590 1074 630 ·‚
1113 572 1420 623 obturbatur
1441 607 1457 631 ,
1484 567 1755 635 obstrepi-

305 661 436 707 tur·‚
472 649 605 699 adeo
646 646 861 715 quidem
895 661 955 696 ut
993 645 1189 697 diceret
1220 662 1234 695 t
1280 645 1419 711 Rogo
1441 677 1456 703 ,
1499 641 1569 690 P.
1606 646 1660 692 C.
1698 659 1760 692 ne

303 739 378 774 me
410 723 590 789 cogatis
614 721 866 788 implorare
897 719 1128 769 auxilium
1149 717 1459 775 tribunorum.
1490 716 1561 766 Et
1581 713 1759 765 statim

305 794 536 846 Murena
576 793 816 845 tribunus
855 811 869 844 :
910 791 1144 842 Permitto
1193 791 1281 842 tibi
1313 828 1328 852 ,
1377 790 1457 839 vir
1495 788 1761 838 clarissime

302 866 515 934 Veiento
541 901 556 926 ,
591 868 764 917 dicere.
808 867 962 917 Tunc
994 880 1208 933 quoque
1236 865 1571 915 reclamatur.
1612 862 1765 911 Inter

305 956 489 992 moras
545 939 731 990 consul
768 978 784 1002 ‚
827 937 1004 990 citatis
1057 935 1362 989 nominibus
1394 973 1409 997 ‚
1451 935 1505 986 δί
1547 931 1767 1001 perafla

308 1011 635 1075 discessione
656 1051 671 1075 ,
712 1012 879 1064 mittit
902 1012 1177 1070 senatum3
1202 1024 1417 1076 acpene
1440 1007 1610 1058 adhuc
1630 1005 1770 1057 stan·

308 1097 422 1136 tem
458 1098 855 1153 tentantemque
896 1083 1072 1136 dicere
1094 1081 1457 1147 Veientonem
1479 1078 1767 1147 relinquit.

307 1158 548 1210 Multum
585 1159 677 1210 ille
710 1160 774 1210 de
808 1160 903 1209 hac
941 1158 1056 1225 (ita
1084 1156 1310 1208 vocabat
1334 1155 1357 1222 )
1378 1152 1719 1206 contumelia
1749 1190 1765 1216 ,

311 1231 523 1302 questus
548 1230 621 1284 est
646 1230 939 1283 Homerico
962 1229 1121 1283 versu
1143 1266 1161 1292 ,

386 1344 458 1410 a*
484 1349 622 1423 γέρον
646 1391 663 1419 ,
700 1343 734 1412 ἶ
761 1349 920 1425 μάλα
957 1343 1023 1413 'a'
1052 1371 1112 1406 n
1145 1344 1232 1407 νέοι
1268 1346 1470 1424 τείρεα-ι
1495 1347 1771 1423 μαχηἿοιί.

313 1455 445 1506 Non
473 1451 583 1505 fere
624 1451 898 1520 quisquam
923 1450 982 1502 in
1003 1451 1189 1503 senatu
1217 1449 1320 1502 fuit
1340 1489 1356 1512 ,
1398 1449 1491 1518 qui
1527 1467 1648 1502 non
1686 1468 1773 1504 me

316 1525 761 1593 complecteretur
776 1564 789 1586 ‚
804 1525 1200 1585 exoscularetur
1212 1563 1227 1586 ‚
1244 1525 1593 1591 certatimque
1611 1525 1772 1576 laude

313 1601 608 1651 cumularet
631 1636 648 1661 ,
681 1596 831 1665 quod
858 1596 1207 1649 intermissum
1230 1595 1426 1660 iamdiu
1458 1613 1680 1648 morem
1719 1596 1776 1648 in

314 1671 589 1739 publicum
627 1669 972 1734 consulendi,
1010 1669 1266 1737 susceptis
1306 1668 1544 1737 propriis
1576 1669 1774 1721 simul-

318 1744 513 1797 tatibus
534 1783 551 1807 ,
590 1740 905 1795 reduxiss'em
928 1761 946 1802 ·,
984 1741 1133 1812 (χιιὶῥά
1152 1741 1380 1810 denique
1406 1742 1652 1793 senatum
1686 1741 1773 1794 in·

317 1816 467 1869 vidia
514 1815 805 1869 liberafi‘em
837 1854 854 1879 ‚
907 1814 1012 1885 qua
1062 1815 1313 1885 flagrabat
1349 1816 1488 1883 apud
1547 1815 1774 1868 ordines

320 1890 457 1941 alios
481 1928 494 1952 ‚
531 1887 676 1957 quod
705 1890 918 1947 severus
947 1889 1006 1942 in
1042 1904 1249 1941 ceteros
1271 1927 1287 1951 ‚
1321 1887 1657 1941 senatoribus
1685 1890 1775 1942 so·

319 1961 387 2013 lis
414 2000 430 2025 ‚
455 1961 880 2020 dissimulatione
917 1961 1068 2030 quasi
1100 1961 1283 2014 mutua
1304 2000 1319 2025 ,
1359 1974 1615 2029 parceret.
1644 1964 1777 2015 Haec

322 2034 436 2086 aeia
476 2035 595 2087 sunt
624 2036 834 2089 absente
876 2037 1059 2088 Certo.
1109 2034 1292 2087 Abfuit
1323 2033 1504 2096 enim,
1545 2035 1641 2087 seu
1669 2038 1773 2088 tale

320 2106 525 2175 aliquid
559 2107 843 2176 suspicatus
863 2145 878 2170 ,
919 2107 1037 2159 sive
1057 2147 1074 2171 ‚
1107 2121 1168 2159 ut
1194 2107 1534 2176 excusabatur
1554 2146 1570 2171 ‚
1613 2107 1774 2160 infir·

322 2196 462 2233 muS.
496 2181 560 2231 Et
582 2180 898 2238 relationem
918 2179 1134 2249 quidem
1158 2182 1220 2232 de
1242 2197 1309 2232 eo
1333 2180 1502 2232 Caesar
1529 2181 1596 2231 ad
1618 2182 1773 2233 sena-

323 2265 441 2304 tum
472 2269 585 2303 non
620 2254 863 2306 remisit:
889 2252 1099 2305 obtinui
1133 2268 1310 2305 tamen
1346 2255 1491 2321 quod
1521 2252 1772 2306 intende-

325 2342 457 2379 ram.
498 2327 634 2377 Nam
672 2329 876 2395 collega
918 2326 1066 2378 Certi
1103 2326 1433 2379 consulatum
1455 2365 1470 2388 ‚
1506 2326 1773 2379 succeffo-

325 2414 439 2450 rem
484 2400 671 2450 Certus
701 2395 943 2466 accepit3
982 2396 1242 2467 planeque
1279 2398 1473 2451 factum
1510 2398 1587 2449 est
1627 2393 1773 2468 quod

325 2470 566 2527 dixeram
598 2470 657 2522 in
676 2470 813 2524 fine:
837 2473 1027 2522 Reddat
1051 2472 1288 2539 praemium
1311 2469 1398 2538 sub
1421 2471 1602 2539 opifmo
1626 2473 1774 2523 Pn'n-

327 2545 432 2617 cipe
458 2578 473 2602 ‚
516 2547 643 2611 quod
687 2563 716 2592 a
768 2546 969 2613 pessimo
1022 2546 1223 2613 accepit.
1277 2543 1459 2596 Postea
1502 2544 1773 2599 afflonem

327 2634 502 2669 meam
522 2655 535 2678 ‚
558 2631 844 2686 utcumque
862 2617 1052 2685 potui,
1072 2616 1326 2686 recollegi
1351 2636 1364 2670 :
1391 2617 1563 2669 addidi
1584 2620 1769 2671 multa.

326 2689 541 2747 Accidit
588 2690 903 2754 fortuitum,
946 2691 1036 2743 sed
1092 2707 1204 2744 non
1253 2704 1521 2758 tamquam
1577 2690 1770 2750 fortui-

329 2778 447 2819 tum
468 2802 484 2826 ,
522 2760 666 2831 quod
683 2803 698 2827 ,
722 2762 879 2815 editis
913 2763 1064 2815 libris
1087 2803 1102 2827 ,
1146 2767 1332 2816 Certus
1356 2762 1496 2814 intra
1519 2762 1770 2829 paucissi-

330 2852 452 2890 mos
474 2836 588 2890 dies
604 2836 898 2904 implicitus
919 2838 1110 2894 morbo
1141 2835 1384 2888 decessit.
1410 2835 1611 2887 Audivi
1635 2836 1767 2887 refe-

330 2923 506 2963 rentes
536 2909 669 2966 hanc
709 2908 1000 2983 imaginem
1039 2908 1210 2964 menti
1241 2905 1357 2977 ejus
1377 2947 1394 2974 ‚
1430 2909 1567 2963 hanc
1600 2907 1767 2962 oculis
