1951 3720
338 336 991 438 Emirom.
1045 369 1190 441 Lib.
1243 374 1326 444 11.
1484 397 1578 472 43

224 519 297 574 X.
340 521 684 578 Ptnuus
723 512 1232 584 ΑΡοίιικΑιιι
1274 545 1422 586 suo
1460 535 1519 591 S.

402 635 633 689 Erucium
659 641 961 692 candidatum
989 647 1302 698 commendat.

135 737 523 832 Amnum
582 797 669 835 me
732 781 786 835 δι
842 781 1146 852 inquietum
1185 787 1342 841 habet
1379 789 1584 859 petitio

134 848 279 901 Sexti
303 852 491 904 Erucii
512 856 638 908 mei.
673 857 892 910 Afficior
915 858 1038 909 cura
1059 877 1075 918 ;
1112 860 1163 912 &
1187 877 1344 930 quam
1363 880 1465 932 pro
1496 882 1584 920 me

133 922 556 979 sollicitudinem
605 946 720 982 non
767 931 915 994 adii,
956 931 1108 999 quasi
1147 950 1247 1001 pro
1290 951 1375 989 me
1413 939 1585 994 altero

131 994 308 1063 patior
334 1015 348 1049 :
386 999 441 1050 δι
472 1000 721 1071 alioquin
740 1019 888 1056 meus
914 1007 1087 1072 pudor
1106 1044 1121 1069 ‚
1153 1022 1270 1060 mea
1307 1007 1587 1066 existimai

132 1068 211 1120 tio
243 1107 259 1132 ‚
300 1086 427 1123 mea
456 1071 688 1144 dignitas
725 1076 786 1129 in
815 1075 1099 1130 discrimen
1128 1080 1418 1136 adducitur.
1463 1083 1582 1155 Ego

133 1140 298 1194 Sexto
334 1143 507 1199 latum
537 1148 749 1202 clavum
779 1164 809 1202 a
834 1149 1037 1204 Caesare
1073 1150 1284 1217 nostro,
1316 1169 1418 1238 ego
1478 1174 1586 1211 uae·

133 1211 319 1268 staram
340 1213 636 1288 impetravi
661 1239 675 1275 ι
708 1237 835 1277 meo
852 1220 1106 1309 suffragio
1135 1226 1386 1294 §Et-vemt
1410 1244 1439 1281 a
1497 1227 1585 1295 ius

132 1287 463 1344 tribunatum
500 1293 754 1362 petendi,
793 1310 952 1366 quem
978 1294 1087 1350 nisi
1112 1296 1320 1353 obtinet
1341 1298 1401 1353 in
1435 1300 1587 1357 sena-

133 1373 218 1425 tu,
236 1377 443 1417 vereor
465 1381 533 1419 ne
554 1366 811 1438 decepifl'e
832 1368 1092 1423 Caesarem
1108 1369 1312 1427 videar.
1351 1372 1588 1432 Ptoindc

134 1433 506 1492 adnitendum
541 1439 616 1494 est
637 1440 772 1496 mihi
804 1456 864 1496 ut
885 1444 1047 1497 talem
1066 1459 1189 1497 eum
1218 1443 1455 1511 iudicent
1472 1464 1588 1502 om-

134 1522 259 1572 nes,
292 1511 512 1578 qualem
551 1512 654 1569 effe
695 1514 947 1585 Princeps
989 1514 1125 1569 mihi
1166 1517 1407 1574 credidit.
1448 1521 1585 1590 Quae

134 1581 281 1635 causa
311 1581 365 1636 si
404 1583 631 1640 studium
668 1602 850 1641 meum
881 1603 995 1641 non
1030 1587 1277 1642 incitaret
1297 1627 1313 1655 ‚
1349 1591 1586 1657 adjutum

134 1666 312 1708 tamen
351 1671 605 1726 cuperem
635 1655 888 1723 juvenem
927 1660 1315 1731 probissimum
1337 1702 1352 1729 ,
1385 1666 1593 1736 gravis·

134 1726 340 1787 simum,
358 1767 376 1794 ,
427 1730 851 1787 eruditissimum
894 1771 909 1798 ,
959 1733 1114 1788 omni
1163 1735 1391 1806 denique
1432 1739 1590 1793 laude

135 1799 549 1873 dignissimum,
591 1805 643 1859 &
680 1806 895 1876 quidem
926 1823 1053 1862 cum
1083 1820 1198 1860 tota
1230 1809 1413 1866 domo.
1448 1813 1591 1880 Nam

136 1891 283 1944 pater
317 1876 375 1930 ei
405 1878 627 1933 Erucius
649 1882 832 1934 Clarus
859 1919 875 1946 ,
906 1879 998 1935 vir
1021 1880 1225 1935 sanans
1246 1921 1262 1948 ‚
1296 1883 1545 1955 antiquus
1569 1926 1587 1953 ,

138 1948 362 2003 disertus
385 1985 401 2011 ‚
453 1964 611 2021 atque
651 1951 710 2005 in
747 1953 960 2025 agendis
999 1953 1173 2009 causis
1218 1958 1538 2014 exercitatus
1570 1999 1592 2028 ,

141 2038 262 2091 quas
322 2022 534 2076 summa
588 2024 692 2079 fide
712 2064 727 2090 ‚
771 2026 886 2095 pari
926 2026 1216 2082 constantia
1242 2067 1258 2094 ,
1295 2046 1395 2085 nec
1428 2048 1591 2086 vere-

141 2095 328 2149 cundia
378 2095 594 2153 minore
640 2099 890 2156 defendit.
941 2101 1115 2155 Habet
1154 2105 1483 2158 avunculum
1523 2109 1590 2162 C.

140 2167 433 2238 Septitium
459 2208 475 2234 ‚
509 2187 618 2240 quo
655 2172 794 2226 nihil
822 2174 1005 2228 verius
1027 2211 1043 2239 ‚
1079 2174 1214 2228 nihil
1254 2174 1550 2246 simplicius
1568 2218 1591 2245 ,

140 2241 271 2295 nihil
293 2242 570 2299 candidius
591 2284 607 2309 ‚
646 2246 779 2299 nihil
815 2244 1027 2301 fidelius
1065 2248 1218 2303 novi.
1257 2248 1465 2305 Omnes
1499 2269 1590 2307 me

140 2314 416 2382 certatim,
454 2317 506 2371 δι
542 2330 721 2372 tamen
757 2320 1034 2391 aqualiter
1080 2336 1294 2377 amant:
1336 2324 1588 2380 omnibus

141 2405 278 2443 nunc
309 2406 420 2461 ego
443 2388 501 2443 in
521 2407 647 2446 uno,
669 2393 862 2446 referre
887 2393 1110 2465 gratiam
1135 2394 1360 2464 pofl‘um.
1400 2398 1588 2468 Itaque

141 2463 336 2529 prenso
390 2461 595 2519 amicos
622 2503 637 2529 ‚
685 2466 928 2536 supplico
949 2505 964 2531 ‚
1000 2466 1178 2523 ambio
1219 2487 1235 2530 ς
1269 2471 1459 2525 domos
1499 2470 1593 2526 sta·

141 2534 426 2606 tionesque
455 2538 757 2602 circume03
789 2555 1150 2612 quantumque
1167 2544 1258 2595 vel
1277 2544 1591 2599 austeritate

143 2610 229 2662 vel
261 2610 437 2680 gratia
465 2612 676 2665 valeam
697 2650 712 2676 ‚
752 2613 995 2682 precibus
1037 2614 1307 2684 experior.
1350 2617 1430 2670 Te
1453 2634 1592 2688 quo-

144 2698 245 2751 que
285 2684 510 2737 obsecro
540 2700 603 2737 ut
621 2685 850 2754 aliquam
874 2686 1058 2741 oneris
1078 2687 1185 2740 mei
1205 2703 1408 2756 partem
1431 2690 1596 2744 susci-

142 2771 268 2822 pere
303 2758 440 2811 tanti
472 2770 652 2826 putes,
687 2758 919 2813 Reddam
948 2760 1128 2813 vicem
1150 2799 1166 2824 ‚
1209 2761 1257 2814 si
1306 2762 1550 2831 reposces
1577 2781 1598 2818 ι

144 2830 357 2883 reddam
392 2832 444 2884 &
479 2830 529 2884 si
563 2847 677 2884 non
709 2834 971 2900 reposces,
1011 2832 1275 2904 Diligeris
1298 2874 1313 2898 ‚
1352 2835 1548 2889 coleris
1576 2874 1591 2900 ‚

145 2901 525 2972 frequentaris:
553 2902 767 2958 ostende
798 2905 961 2960 modi>
982 2908 1125 2959 velle
1151 2922 1233 2966 te;
1259 2923 1356 2963 nec
1375 2909 1596 2963 deerunt

149 2975 240 3046 qui
274 2976 328 3031 id
353 2979 503 3050 quod
533 2990 596 3031 tu
624 2977 764 3031 velis
783 3013 799 3044 ‚
840 2980 1078 3051 cupiant.
1120 2981 1279 3037 Vale.
1581 2999 1586 3002 ·
