1951 3720
375 268 513 366 158
681 264 949 336 6211
1020 264 1450 335 ΡιιΝιι

562 387 703 444 XX.
739 390 1073 442 Ptuuus
1112 389 1320 441 Uuso
1362 400 1512 440 svo
1551 385 1615 441 S.

446 509 684 565 Varenum
705 530 736 562 a
761 512 985 586 ΒὶεΙιχηὶε
1018 529 1079 561 ex
1106 507 1448 579 proconsulatu
1473 507 1749 577 accusatum

479 609 712 676 deftadie.
739 606 962 669 Vide4‚
996 619 1050 671 9;
1073 607 1214 657 Adde
1238 606 1313 665 ⁶,
1353 618 1440 671 13.
1468 607 1516 658 ἃ
1544 621 1617 671 7,
1645 606 1708 659 6.

369 716 656 810 Inuum
685 752 906 823 Bithyni
931 753 1132 821 (breve
1156 767 1367 821 tempus
1390 771 1417 805 a
1440 751 1595 807 Iulio
1613 752 1808 820 Baffo)

370 830 425 881 δι
456 830 651 882 Rufum
663 828 950 879 ‘Varenum
982 827 1301 896 proconsule
1330 829 1630 879 detulerunt
1655 847 1670 880 ε
1698 828 1811 878 Va·

367 918 557 954 renum
593 917 750 969 quem
789 917 957 968 nuper
986 900 1233 952 adversus
1256 899 1463 951 Bass‘um
1491 902 1810 952 advocatum

368 975 424 1027 δι
457 974 777 1042 postularant
828 975 882 1025 δι’.
921 987 1253 1041 acceperant.
1306 973 1513 1025 Inducti
1554 973 1610 1024 in
1663 975 1809 1026 sena·

368 1061 485 1099 tum
506 1086 521 1110 ‚
564 1046 972 1115 inquisitionem
1014 1045 1449 1113 postulaverunt:
1488 1061 1602 1098 tum
1640 1048 1811 1099 Vare-

366 1135 468 1173 nus
500 1121 767 1188 petiit,-ut
787 1120 887 1172 sibi
911 1135 1126 1188 quoque
1140 1120 1467 1171 defensionis
1486 1120 1644 1171 causa
1678 1137 1809 1172 evo-

364 1209 485 1246 care
508 1192 663 1246 testes
693 1194 877 1247 liceret
902 1213 915 1245 :
944 1193 1299 1245 recusantibus
1320 1193 1567 1263 Bithynis
1583 1232 1597 1255 ‚
1622 1193 1810 1263 cogni-

365 1266 448 1319 tio
497 1267 735 1335 suscepta
786 1266 877 1319 est.
943 1266 1041 1335 Egi
1085 1283 1185 1335 pro
1230 1268 1447 1319 Vareno
1468 1307 1483 1329 ‚
1524 1283 1640 1318 non
1698 1269 1809 1320 sine

365 1356 605 1393 eventu:
638 1358 760 1392 nam
792 1342 925 1392 bene
961 1356 1030 1390 an
1053 1339 1226 1404 male,
1268 1341 1400 1392 liber
1435 1341 1715 1394 indicabit.
1752 1343 1812 1394 In

365 1414 662 1466 aetionibus
710 1414 856 1466 enim
900 1428 1180 1481 utramque
1219 1413 1277 1465 in
1333 1428 1539 1481 partem
1595 1415 1808 1467 fortuna

363 1487 671 1539 dominatur
694 1507 707 1539 ε
747 1489 972 1538 multum
996 1487 1478 1538 commendationis
1508 1488 1560 1539 δε
1580 1488 1811 1541 detrahit

368 1558 424 1612 &
443 1560 595 1613 affert
618 1560 878 1613 memoria
898 1600 913 1623 ‚
943 1577 1064 1611 vox
1083 1599 1097 1622 ‚
1132 1559 1302 1629 gestus
1323 1599 1337 1622 ‚
1358 1575 1569 1627 tempus
1593 1560 1770 1628 ipsum
1790 1579 1807 1621 ς

365 1633 637 1703 postremo
666 1636 756 1687 vel
795 1650 945 1685 amor
974 1635 1064 1685 vel
1102 1633 1293 1685 odium
1320 1634 1416 1685 rei.
1456 1633 1611 1686 Liber
1635 1634 1811 1687 offen·

367 1707 445 1760 sis
466 1748 481 1772 ‚
522 1709 657 1761 liber
699 1707 865 1777 gratia
886 1746 901 1770 ‚
938 1707 1071 1759 liber
1107 1707 1161 1757 &
1199 1707 1439 1759 secundis
1475 1708 1724 1771 casibus„
1759 1710 1810 1761 δι

365 1782 604 1834 adversis
645 1796 803 1833 caret.
864 1780 1158 1848 Respondit
1203 1781 1337 1832 mihi
1374 1781 1630 1833 fonteius
1687 1783 1807 1834 Ma-

366 1872 503 1925 gnus
524 1895 539 1919 ‚
578 1873 715 1908 unus
746 1872 816 1907 ex
837 1854 1086 1923 Bithynis
1109 1895 1123 1919 ‚
1148 1854 1391 1922 plurimis
1429 1855 1612 1909 verbis
1636 1894 1653 1919 ‚
1675 1873 1806 1925 pau·

364 1928 597 1981 cissimis
622 1932 793 1982 rebus.
836 1927 919 1979 Est
936 1929 1201 1996 plerisque
1230 1929 1542 1981 Graecorum
1566 1968 1581 1991 ‚
1607 1945 1671 1982 ut
1691 1931 1803 1993 illi,

365 2017 467 2069 pro
506 2002 1042 2069 copia-volubilitas:
1081 2015 1189 2054 tam
1226 2005 1412 2072 longas
1454 2016 1667 2072 tamque
1708 2004 1805 2057 fn·-

363 2075 511 2143 gidas
560 2076 816 2144 periodos
864 2072 979 2126 uno
1028 2075 1229 2142 spiritu*
1249 2115 1265 2139 ,
1321 2075 1472 2144 quasi
1516 2091 1758 2132 torrente
1785 2119 1800 2144 ‚

361 2163 739 2217 contorquent.
781 2151 963 2217 Itaque
998 2149 1175 2204 Julius
1200 2149 1463 2202 Candidus
1495 2166 1611 2202 non
1647 2153 1803 2203 inve-

362 2220 513 2274 nuste
545 2223 680 2274 solet
716 2222 928 2285 dicere,
964 2224 1120 2272 Aliud
1155 2222 1240 2290 effe
1274 2225 1628 2291 eloquentiam,
1672 2227 1805 2277 aliud

364 2295 667 2361 loquentiam.
712 2297 848 2346 Nam
885 2296 1194 2363 eloquentia
1231 2296 1331 2348 vix
1354 2297 1450 2348 uni
1483 2312 1573 2349 aut
1604 2298 1800 2361 alteri,

361 2365 574 2431 immo,
615 2369 660 2420 si
697 2369 777 2421 M.
819 2369 1062 2420 Antonio
1101 2370 1402 2434 credimus,
1425 2371 1667 2431 nemini,
1692 2373 1801 2424 haec

360 2438 525 2502 vero,
548 2459 704 2509 quam
732 2442 994 2494 Candidus
1015 2443 1345 2511 loquentiam
1365 2447 1624 2512 appeliat,
1659 2448 1798 2497 mul·

361 2512 432 2565 tis
464 2530 621 2583 atque
655 2517 818 2567 etiam
842 2515 1308 2582 impudentissimo
1326 2519 1529 2586 cuique
1564 2519 1798 2570 maxime

361 2587 644 2657 contingit.
677 2588 894 2641 Postero
906 2589 991 2639 die
1011 2589 1149 2640 dixit
1171 2607 1270 2658 pro
1292 2591 1513 2642 Vareno
1532 2592 1797 2645 Romulus

318 2655 327 2663 ’
359 2660 558 2723 calide,
601 2662 823 2723 acriter,
862 2660 1044 2721 culte3
1084 2663 1269 2715 contra
1299 2664 1554 2733 Nigrinus
1591 2664 1792 2732 presse,

362 2734 628 2801 graviter,
667 2733 872 2788 ornate.
921 2736 1140 2787 Censuit
1175 2737 1377 2797 Acilius
1407 2737 1576 2790 Rufus
1614 2739 1797 2792 consul

361 2807 660 2876 designatus
699 2847 714 2869 ‚
770 2808 1178 2875 inquisitionem
1236 2811 1486 2880 Bithynis
1533 2814 1751 2863 dandam
1774 2831 1793 2863 ε

357 2880 769 2949 postulationem
812 2882 1016 2937 Vareni
1060 2882 1278 2937 silentio
1334 2885 1612 2953 praeteriit.
1668 2887 1792 2938 flaec
