1951 3720
350 286 508 357 ‘440
591 267 755 335 -PA
778 278 911 336 Νε
936 280 989 334 G
1019 281 1172 336 ΥΕ.
1222 258 1532 339 ΤΚΑῙᾹ

360 388 541 457 doque
581 383 933 442 succefl'orem
971 384 1028 440 ‘ei
1060 386 1260 440 tribuas
1281 425 1298 451 ‚
1339 402 1503 456 quem
1539 378 1787 455 genuerit.

362 477 524 529 quem
551 460 869 514 formaverit
893 499 909 524 ,
948 459 1289 529 similemque
1318 459 1506 513 fecerit
1527 461 1787 529 adoptato,

360 548 454 586 aut
471 533 518 587 si
534 536 641 587 hoc
662 535 773 587 fato
801 547 1027 603 negatur
1048 573 1062 598 ,
1099 533 1157 585 in
1181 532 1418 586 consilio
1446 533 1527 585 sis
1550 533 1758 602 eligenti
1773 570 1787 597 ,

358 606 725 676 monstresque
761 606 996 677 aliquem
1018 645 1034 670 ‚
1072 622 1233 676 quem
1261 605 1507 675 adoptari
1552 605 1614 658 in
1654 606 1793 676 Capi-

363 679 511 732 tolio
533 683 733 734 deceat.

435 752 616 808 XCV.
655 753 830 806 Vobis
866 790 883 816 ‚
941 753 1121 806 Patres
1158 750 1446 821 conscripti
1481 790 1498 816 ‚
1559 765 1793 821 quantum

362 825 581 879 debeam
601 865 618 891 ,
657 826 884 895 publicis
904 826 1066 879 etiam
1089 825 1455 879 monumentis
1482 825 1791 878 continetur.

363 898 487 951 Vos
514 899 648 952 mihi
681 899 740 951 in
769 898 1039 951 tribunatu
1071 898 1269 967 quietis
1289 938 1305 962 ,
1340 898 1403 950 in
1431 912 1663 966 praetura
1692 914 1792 950 mo-

364 971 540 1024 destiae
568 991 586 1033 ;
616 989 721 1025 vos
747 971 807 1024 in
826 972 935 1024 istis
974 971 1168 1025 officiis
1206 972 1368 1024 etiam
1390 1009 1405 1036 ‚
1443 988 1567 1040 quae
1587 970 1792 1024 estudiit

361 1043 558 1097 nostris
590 1045 728 1098 circa
759 1047 987 1098 tuendos
1010 1043 1189 1097 socios
1219 1043 1576 1109 injunxeratis
1594 1083 1610 1108 ,
1640 1043 1792 1096 cundi

361 1117 670 1171 constantiae
726 1118 1160 1186 antiquissimum
1208 1117 1580 1170 testimonium
1621 1117 1791 1185 pertri-

362 1189 550 1243 buistis
582 1211 596 1243 ε
628 1208 735 1244 vos
767 1190 1019 1259 proxime
1056 1189 1465 1243 destinationem
1511 1191 1790 1243 consulatus

362 1263 477 1316 mei
499 1265 584 1317 his
604 1263 1075 1316 acclamationibus
1094 1263 1478 1332 approbavistis
1503 1303 1518 1326 ‚
1538 1278 1602 1315 ut
1620 1262 1789 1316 intelli·

363 1353 485 1406 gam
509 1336 671 1390 etiam
690 1351 850 1405 atque
874 1335 1038 1389 etiam
1062 1337 1372 1389 enitendum
1401 1336 1568 1399 mihi,
1595 1351 1655 1387 ut
1668 1337 1791 1389 hunc

352 1410 682 1462 «consensum
713 1409 946 1462 vestrum
984 1409 1307 1477 complectar
1329 1446 1358 1472 ,2
1377 1409 1431 1461 &
1469 1422 1681 1462 teneam
1701 1447 1716 1474 ‚
1748 1410 1793 1462 δε

360 1480 425 1534 in
445 1482 556 1534 dies
587 1499 825 1552 augeam.
874 1481 1087 1535 Etenim
1126 1481 1350 1535 memini
1370 1497 1498 1534 tunc
1529 1481 1793 1535 verissime

360 1551 587 1619 judicari
607 1595 623 1620 ,
660 1555 913 1608 meruerit
930 1555 1054 1625 quis
1077 1556 1342 1608 honorem
1362 1593 1379 1619 ‚
1402 1570 1575 1608 necne
1593 1593 1610 1619 ‚
1646 1570 1795 1624 quum

356 1628 586 1697 ¹adeptus
616 1629 706 1684 est.
750 1631 870 1682 Vos
907 1627 1077 1682 modo
1112 1630 1289 1682 favete
1320 1628 1445 1681 huic
1480 1629 1796 1697 proposito,

364 1701 422 1754 &
459 1704 694 1768 credite,
734 1701 783 1754 si
824 1702 979 1755 cursu
1019 1704 1251 1770 quodam
1285 1701 1575 1771 provectus
1614 1703 1676 1754 ab
1710 1700 1797 1754 isso

364 1773 793 1830 insidiosissime
834 1773 1082 1843 Principe
1102 1814 1118 1839 ‚
1158 1774 1441 1844 antequam
1471 1773 1800 1844 profiteretur

362 1848 553 1902 odium
588 1851 853 1903 bonorum
879 1888 896 1914 ,
936 1848 1216 1918 postquam
1246 1847 1505 1917 profeffus
1543 1846 1621 1901 est
1638 1887 1656 1913 ‚
1689 1847 1802 1901 sub·

364 1919 513 1982 stim
552 1941 717 1992 quum
736 1924 978 1976 viderem
999 1939 1115 1991 quae
1140 1924 1206 1974 ad
1226 1923 1463 1976 honores
1492 1920 1803 1990 compendia

364 2010 610 2061 paterent
632 2036 646 2060 ,
682 1998 896 2065 longius
919 1994 1023 2048 iter
1045 1995 1209 2048 malui
1234 2014 1249 2048 ε
1287 1995 1335 2047 si
1370 1994 1526 2046 malis
1548 1994 1802 2063 tempori·

352 2068 464 2120 -bus
486 2068 624 2121 inter
642 2069 861 2121 moestos
887 2070 940 2122 &
971 2083 1232 2136 paventes
1252 2106 1266 2130 ,
1303 2067 1463 2120 bonis
1484 2067 1628 2120 intes
1664 2068 1805 2121 secu-

350 2156 457 2194 ·ros
481 2143 867 2211 gaudentesque
888 2158 1142 2194 numeror
1163 2160 1178 2192 2
1205 2140 1253 2193 si
1272 2140 1501 2209 denique
1523 2140 1587 2192 in
1604 2155 1807 2193 tantum

365 2211 535 2283 diligo
560 2213 844 2283 Optimum
869 2213 1173 2284 Principem
1191 2251 1208 2277 ,
1244 2213 1305 2265 in
1328 2226 1590 2282 quantum
1607 2213 1804 2266 invisus

365 2287 607 2354 pessimo
646 2289 761 2341 fui:
797 2305 901 2358 ego
938 2286 1251 2340 reverentiae
1286 2286 1473 2339 vestrae
1495 2286 1575 2339 sic
1601 2287 1806 2354 semper

365 2359 656 2413 inserviam
678 2401 692 2425 ,
727 2378 840 2413 non
874 2375 935 2413 ut
966 2377 1053 2413 me
1084 2359 1355 2413 consulem
1375 2398 1392 2423 ‚
1425 2359 1480 2412 δι
1514 2376 1652 2413 mox
1680 2375 1806 2412 con·

348 2431 590 2489 {marem
612 2473 627 2498 ,
669 2436 760 2490 sed
778 2450 839 2488 ut
868 2434 1202 2488 candidatum
1237 2432 1540 2487 consulatus
1566 2447 1774 2503 putem.

896 2651 1257 2706 FIN-IS.
