<?xml version="1.0" encoding="UTF-8"?>
<!DOCTYPE html PUBLIC "-//W3C//DTD XHTML 1.0 Transitional//EN"
    "http://www.w3.org/TR/xhtml1/DTD/xhtml1-transitional.dtd">
<html xmlns="http://www.w3.org/1999/xhtml" xml:lang="en" lang="en">
 <head>
  <title>
</title>
<meta http-equiv="Content-Type" content="text/html;charset=utf-8" />
  <meta name='ocr-system' content='tesseract 3.04.00' />
  <meta name='ocr-capabilities' content='ocr_page ocr_carea ocr_par ocr_line ocrx_word'/>
</head>
<body>
  <div class='ocr_page' id='page_1' title='image "./panegyricus00lallgoog_0467.png"; bbox 0 0 1951 3720; ppageno 0'>
   <div class='ocr_carea' id='block_1_1' title="bbox 425 275 1616 373">
    <p class='ocr_par' dir='ltr' id='par_1_1' title="bbox 425 275 1616 373">
     <span class='ocr_line' id='line_1_1' title="bbox 425 275 1616 373; baseline 0.003 -28"><span class='ocrx_word' id='word_1_1' title='bbox 425 275 898 353; x_wconf 66' lang='lat' dir='ltr'><em>TRAIANO</em></span> <span class='ocrx_word' id='word_1_2' title='bbox 953 292 1369 351; x_wconf 64' lang='lat' dir='ltr'>nterim.</span> <span class='ocrx_word' id='word_1_3' title='bbox 1472 300 1616 373; x_wconf 77' lang='lat'>439</span> 
     </span>
    </p>
   </div>
   <div class='ocr_carea' id='block_1_2' title="bbox 146 395 1620 2888">
    <p class='ocr_par' dir='ltr' id='par_1_2' title="bbox 157 395 1620 761">
     <span class='ocr_line' id='line_1_2' title="bbox 158 395 1618 467; baseline 0.004 -17"><span class='ocrx_word' id='word_1_4' title='bbox 158 395 315 451; x_wconf 83' lang='lat' dir='ltr'>illam</span> <span class='ocrx_word' id='word_1_5' title='bbox 340 435 357 462; x_wconf 79' lang='lat'>,</span> <span class='ocrx_word' id='word_1_6' title='bbox 402 412 464 451; x_wconf 89' lang='lat' dir='ltr'>ut</span> <span class='ocrx_word' id='word_1_7' title='bbox 512 397 721 467; x_wconf 79' lang='lat' dir='ltr'>semper</span> <span class='ocrx_word' id='word_1_8' title='bbox 759 414 862 452; x_wconf 83' lang='lat' dir='ltr'>nos</span> <span class='ocrx_word' id='word_1_9' title='bbox 905 397 1313 455; x_wconf 79' lang='lat' dir='ltr'>meminerimus</span> <span class='ocrx_word' id='word_1_10' title='bbox 1371 401 1618 456; x_wconf 75' lang='lat' dir='ltr'>consules</span> 
     </span>
     <span class='ocr_line' id='line_1_3' title="bbox 157 470 1620 537; baseline 0.003 -13"><span class='ocrx_word' id='word_1_11' title='bbox 157 470 352 536; x_wconf 80' lang='lat' dir='ltr'>suiffe,</span> <span class='ocrx_word' id='word_1_12' title='bbox 370 471 425 524; x_wconf 79' lang='grc' dir='ltr'>δι</span> <span class='ocrx_word' id='word_1_13' title='bbox 444 472 689 525; x_wconf 84' lang='lat' dir='ltr'>consules</span> <span class='ocrx_word' id='word_1_14' title='bbox 709 486 833 525; x_wconf 89' lang='lat' dir='ltr'>tuos</span> <span class='ocrx_word' id='word_1_15' title='bbox 855 490 872 532; x_wconf 90' lang='grc'>·,</span> <span class='ocrx_word' id='word_1_16' title='bbox 892 489 955 525; x_wconf 87' lang='lat' dir='ltr'>ea</span> <span class='ocrx_word' id='word_1_17' title='bbox 973 472 1300 537; x_wconf 76' lang='lat' dir='ltr'>sentiamus,</span> <span class='ocrx_word' id='word_1_18' title='bbox 1323 490 1386 526; x_wconf 88' lang='lat' dir='ltr'>ea</span> <span class='ocrx_word' id='word_1_19' title='bbox 1404 475 1620 528; x_wconf 87' lang='lat' dir='ltr'>censea-</span> 
     </span>
     <span class='ocr_line' id='line_1_4' title="bbox 158 544 1620 616; baseline 0.003 -19"><span class='ocrx_word' id='word_1_20' title='bbox 158 561 285 598; x_wconf 88' lang='lat' dir='ltr'>mus</span> <span class='ocrx_word' id='word_1_21' title='bbox 309 563 430 615; x_wconf 69' lang='lat' dir='ltr'>quae</span> <span class='ocrx_word' id='word_1_22' title='bbox 461 544 822 599; x_wconf 83' lang='lat' dir='ltr'>consularibus</span> <span class='ocrx_word' id='word_1_23' title='bbox 854 545 1016 616; x_wconf 83' lang='lat' dir='ltr'>digna</span> <span class='ocrx_word' id='word_1_24' title='bbox 1049 546 1202 599; x_wconf 86' lang='lat' dir='ltr'>sunt·</span> <span class='ocrx_word' id='word_1_25' title='bbox 1189 581 1206 607; x_wconf 85' lang='lat'><strong>,</strong></span> <span class='ocrx_word' id='word_1_26' title='bbox 1240 546 1314 603; x_wconf 83' lang='lat' dir='ltr'>ita</span> <span class='ocrx_word' id='word_1_27' title='bbox 1343 548 1620 603; x_wconf 81' lang='lat' dir='ltr'>versemur</span> 
     </span>
     <span class='ocr_line' id='line_1_5' title="bbox 157 617 1615 697; baseline 0.003 -28"><span class='ocrx_word' id='word_1_28' title='bbox 157 617 224 669; x_wconf 87' lang='lat' dir='ltr'>in</span> <span class='ocrx_word' id='word_1_29' title='bbox 263 619 570 687; x_wconf 83' lang='lat' dir='ltr'>republica,</span> <span class='ocrx_word' id='word_1_30' title='bbox 613 632 674 672; x_wconf 90' lang='lat' dir='ltr'>ut</span> <span class='ocrx_word' id='word_1_31' title='bbox 717 619 990 683; x_wconf 75' lang='lat' dir='ltr'>credamus</span> <span class='ocrx_word' id='word_1_32' title='bbox 1031 618 1136 675; x_wconf 78' lang='lat' dir='ltr'>efl&#39;e</span> <span class='ocrx_word' id='word_1_33' title='bbox 1179 620 1560 697; x_wconf 83' lang='lat' dir='ltr'>rempublicam</span> <span class='ocrx_word' id='word_1_34' title='bbox 1597 656 1615 681; x_wconf 84' lang='lat'>‚</span> 
     </span>
     <span class='ocr_line' id='line_1_6' title="bbox 158 686 1614 761; baseline 0.002 -18"><span class='ocrx_word' id='word_1_35' title='bbox 158 686 281 744; x_wconf 80' lang='lat' dir='ltr'>non</span> <span class='ocrx_word' id='word_1_36' title='bbox 314 692 604 745; x_wconf 87' lang='lat' dir='ltr'>consilium</span> <span class='ocrx_word' id='word_1_37' title='bbox 639 691 911 756; x_wconf 85' lang='lat' dir='ltr'>nostrum,</span> <span class='ocrx_word' id='word_1_38' title='bbox 942 709 1057 745; x_wconf 89' lang='lat' dir='ltr'>non</span> <span class='ocrx_word' id='word_1_39' title='bbox 1086 709 1306 761; x_wconf 83' lang='lat' dir='ltr'>operam</span> <span class='ocrx_word' id='word_1_40' title='bbox 1341 694 1614 747; x_wconf 76' lang='lat' dir='ltr'>subtraha-</span> 
     </span>
    </p>

    <p class='ocr_par' dir='ltr' id='par_1_3' title="bbox 150 765 1614 1055">
     <span class='ocr_line' id='line_1_7' title="bbox 157 765 1613 835; baseline 0.001 -18"><span class='ocrx_word' id='word_1_41' title='bbox 157 781 319 818; x_wconf 86' lang='lat' dir='ltr'>mus·</span> <span class='ocrx_word' id='word_1_42' title='bbox 306 800 324 825; x_wconf 91' lang='lat'><strong>,</strong></span> <span class='ocrx_word' id='word_1_43' title='bbox 366 782 467 818; x_wconf 91' lang='lat' dir='ltr'>nec</span> <span class='ocrx_word' id='word_1_44' title='bbox 511 765 788 819; x_wconf 69' lang='lat' dir='ltr'>defunstos</span> <span class='ocrx_word' id='word_1_45' title='bbox 839 783 943 818; x_wconf 87' lang='lat' dir='ltr'>nos</span> <span class='ocrx_word' id='word_1_46' title='bbox 983 805 999 829; x_wconf 83' lang='lat'>,</span> <span class='ocrx_word' id='word_1_47' title='bbox 1060 767 1114 825; x_wconf 76' lang='grc' dir='ltr'>δι</span> <span class='ocrx_word' id='word_1_48' title='bbox 1174 766 1353 835; x_wconf 84' lang='lat' dir='ltr'>quasi</span> <span class='ocrx_word' id='word_1_49' title='bbox 1372 766 1613 821; x_wconf 82' lang='lat' dir='ltr'>dimissos</span> 
     </span>
     <span class='ocr_line' id='line_1_8' title="bbox 159 838 1611 908; baseline 0.003 -18"><span class='ocrx_word' id='word_1_50' title='bbox 159 838 478 902; x_wconf 82' lang='lat' dir='ltr'>consulatu,</span> <span class='ocrx_word' id='word_1_51' title='bbox 523 838 611 890; x_wconf 87' lang='lat' dir='ltr'>sed</span> <span class='ocrx_word' id='word_1_52' title='bbox 640 838 790 908; x_wconf 83' lang='lat' dir='ltr'>quasi</span> <span class='ocrx_word' id='word_1_53' title='bbox 822 838 1094 893; x_wconf 55' lang='lat' dir='ltr'>adstrictos</span> <span class='ocrx_word' id='word_1_54' title='bbox 1125 840 1180 892; x_wconf 78' lang='grc' dir='ltr'>δι</span> <span class='ocrx_word' id='word_1_55' title='bbox 1206 839 1488 899; x_wconf 71' lang='grc' dir='ltr'>ἀενίιιᾶοε</span> <span class='ocrx_word' id='word_1_56' title='bbox 1516 857 1611 908; x_wconf 85' lang='lat' dir='ltr'>pu·</span> 
     </span>
     <span class='ocr_line' id='line_1_9' title="bbox 159 877 1614 982; baseline 0.003 -19"><span class='ocrx_word' id='word_1_57' title='bbox 159 925 368 967; x_wconf 85' lang='lat' dir='ltr'>temus·</span> <span class='ocrx_word' id='word_1_58' title='bbox 358 947 373 972; x_wconf 90' lang='lat'>‚</span> <span class='ocrx_word' id='word_1_59' title='bbox 394 877 746 981; x_wconf 77' lang='lat' dir='ltr'>euindemque</span> <span class='ocrx_word' id='word_1_60' title='bbox 764 915 946 969; x_wconf 80' lang='lat' dir='ltr'>locum</span> <span class='ocrx_word' id='word_1_61' title='bbox 964 912 1163 967; x_wconf 85' lang='lat' dir='ltr'>laboris</span> <span class='ocrx_word' id='word_1_62' title='bbox 1185 913 1239 965; x_wconf 80' lang='grc' dir='ltr'>δι</span> <span class='ocrx_word' id='word_1_63' title='bbox 1257 929 1428 977; x_wconf 78' lang='lat' dir='ltr'>curae,</span> <span class='ocrx_word' id='word_1_64' title='bbox 1453 930 1614 982; x_wconf 85' lang='lat' dir='ltr'>quem</span> 
     </span>
     <span class='ocr_line' id='line_1_10' title="bbox 150 985 1207 1055; baseline 0.001 -16"><span class='ocrx_word' id='word_1_65' title='bbox 150 986 481 1039; x_wconf 48' lang='lat' dir='ltr'>¹:emittentia</span> <span class='ocrx_word' id='word_1_66' title='bbox 507 985 885 1055; x_wconf 85' lang='lat' dir='ltr'>dignitatisque</span> <span class='ocrx_word' id='word_1_67' title='bbox 912 1000 1207 1041; x_wconf 79' lang='lat' dir='ltr'>teneamus.</span> 
     </span>
    </p>

    <p class='ocr_par' dir='ltr' id='par_1_4' title="bbox 146 1057 1618 2888">
     <span class='ocr_line' id='line_1_11' title="bbox 235 1057 1609 1129; baseline 0.002 -18"><span class='ocrx_word' id='word_1_68' title='bbox 235 1058 443 1113; x_wconf 87' lang='lat' dir='ltr'>XCIV.</span> <span class='ocrx_word' id='word_1_69' title='bbox 480 1059 547 1112; x_wconf 90' lang='lat' dir='ltr'>In</span> <span class='ocrx_word' id='word_1_70' title='bbox 568 1057 677 1112; x_wconf 87' lang='lat' dir='ltr'>fine</span> <span class='ocrx_word' id='word_1_71' title='bbox 695 1059 960 1112; x_wconf 88' lang='lat' dir='ltr'>orationis</span> <span class='ocrx_word' id='word_1_72' title='bbox 984 1060 1237 1127; x_wconf 65' lang='lat' dir='ltr'>praesides</span> <span class='ocrx_word' id='word_1_73' title='bbox 1266 1057 1609 1129; x_wconf 79' lang='lat' dir='ltr'>custodesque</span> 
     </span>
     <span class='ocr_line' id='line_1_12' title="bbox 159 1131 1610 1201; baseline 0.002 -17"><span class='ocrx_word' id='word_1_74' title='bbox 159 1131 385 1201; x_wconf 88' lang='lat' dir='ltr'>imperii</span> <span class='ocrx_word' id='word_1_75' title='bbox 406 1134 537 1185; x_wconf 85' lang='lat' dir='ltr'>deos</span> <span class='ocrx_word' id='word_1_76' title='bbox 566 1148 671 1200; x_wconf 87' lang='lat' dir='ltr'>ego</span> <span class='ocrx_word' id='word_1_77' title='bbox 695 1132 879 1186; x_wconf 89' lang='lat' dir='ltr'>consul</span> <span class='ocrx_word' id='word_1_78' title='bbox 916 1148 1019 1201; x_wconf 88' lang='lat' dir='ltr'>pro</span> <span class='ocrx_word' id='word_1_79' title='bbox 1049 1133 1204 1187; x_wconf 85' lang='lat' dir='ltr'>rebus</span> <span class='ocrx_word' id='word_1_80' title='bbox 1236 1133 1515 1197; x_wconf 84' lang='lat' dir='ltr'>humanis,</span> <span class='ocrx_word' id='word_1_81' title='bbox 1548 1149 1610 1187; x_wconf 84' lang='lat' dir='ltr'>ac</span> 
     </span>
     <span class='ocr_line' id='line_1_13' title="bbox 160 1203 1612 1275; baseline 0.002 -18"><span class='ocrx_word' id='word_1_82' title='bbox 160 1221 219 1259; x_wconf 86' lang='lat' dir='ltr'>te</span> <span class='ocrx_word' id='word_1_83' title='bbox 240 1203 508 1275; x_wconf 64' lang='lat' dir='ltr'>praecipue</span> <span class='ocrx_word' id='word_1_84' title='bbox 529 1244 544 1269; x_wconf 86' lang='lat'><strong>‚</strong></span> <span class='ocrx_word' id='word_1_85' title='bbox 581 1204 884 1273; x_wconf 86' lang='lat' dir='ltr'>Capitoline</span> <span class='ocrx_word' id='word_1_86' title='bbox 901 1204 1110 1274; x_wconf 82' lang='lat' dir='ltr'>Jupiter</span> <span class='ocrx_word' id='word_1_87' title='bbox 1131 1244 1147 1269; x_wconf 91' lang='lat'>,</span> <span class='ocrx_word' id='word_1_88' title='bbox 1178 1222 1369 1274; x_wconf 84' lang='lat' dir='ltr'>precor</span> <span class='ocrx_word' id='word_1_89' title='bbox 1389 1245 1403 1269; x_wconf 91' lang='lat'><strong>‚</strong></span> <span class='ocrx_word' id='word_1_90' title='bbox 1439 1221 1499 1259; x_wconf 89' lang='lat' dir='ltr'>ut</span> <span class='ocrx_word' id='word_1_91' title='bbox 1515 1208 1612 1260; x_wconf 90' lang='lat' dir='ltr'>be·</span> 
     </span>
     <span class='ocr_line' id='line_1_14' title="bbox 162 1277 1613 1347; baseline 0.002 -16"><span class='ocrx_word' id='word_1_92' title='bbox 162 1277 374 1333; x_wconf 83' lang='lat' dir='ltr'>neficiis</span> <span class='ocrx_word' id='word_1_93' title='bbox 409 1279 517 1331; x_wconf 88' lang='lat' dir='ltr'>tuis</span> <span class='ocrx_word' id='word_1_94' title='bbox 554 1279 774 1341; x_wconf 86' lang='lat' dir='ltr'>faveas,</span> <span class='ocrx_word' id='word_1_95' title='bbox 814 1278 1078 1347; x_wconf 86' lang='lat' dir='ltr'>tantisque</span> <span class='ocrx_word' id='word_1_96' title='bbox 1114 1278 1420 1332; x_wconf 86' lang='lat' dir='ltr'>muneribus</span> <span class='ocrx_word' id='word_1_97' title='bbox 1455 1281 1613 1339; x_wconf 75' lang='lat' dir='ltr'>addas</span> 
     </span>
     <span class='ocr_line' id='line_1_15' title="bbox 160 1350 1614 1421; baseline -0.001 -14"><span class='ocrx_word' id='word_1_98' title='bbox 160 1351 596 1420; x_wconf 79' lang='lat' dir='ltr'>perpetuitatem.</span> <span class='ocrx_word' id='word_1_99' title='bbox 633 1350 838 1405; x_wconf 77' lang='lat' dir='ltr'>Audisti</span> <span class='ocrx_word' id='word_1_100' title='bbox 861 1369 980 1421; x_wconf 76' lang='lat' dir='ltr'>quae</span> <span class='ocrx_word' id='word_1_101' title='bbox 1006 1354 1150 1408; x_wconf 83' lang='lat' dir='ltr'>malo</span> <span class='ocrx_word' id='word_1_102' title='bbox 1171 1351 1406 1420; x_wconf 73' lang='lat' dir='ltr'>Principi</span> <span class='ocrx_word' id='word_1_103' title='bbox 1423 1369 1614 1420; x_wconf 76' lang='lat' dir='ltr'>preca-</span> 
     </span>
     <span class='ocr_line' id='line_1_16' title="bbox 158 1424 1612 1495; baseline 0.003 -17"><span class='ocrx_word' id='word_1_104' title='bbox 158 1427 383 1479; x_wconf 74' lang='lat' dir='ltr'>banmr</span> <span class='ocrx_word' id='word_1_105' title='bbox 372 1460 389 1486; x_wconf 86' lang='lat'>‚</span> <span class='ocrx_word' id='word_1_106' title='bbox 419 1424 611 1479; x_wconf 84' lang='lat' dir='ltr'>exaudi</span> <span class='ocrx_word' id='word_1_107' title='bbox 641 1443 758 1495; x_wconf 78' lang='lat' dir='ltr'>quae</span> <span class='ocrx_word' id='word_1_108' title='bbox 806 1441 907 1494; x_wconf 91' lang='lat' dir='ltr'>pro</span> <span class='ocrx_word' id='word_1_109' title='bbox 937 1424 1306 1481; x_wconf 81' lang='lat' dir='ltr'>dissimillimo</span> <span class='ocrx_word' id='word_1_110' title='bbox 1338 1441 1612 1495; x_wconf 78' lang='lat' dir='ltr'>optamus.</span> 
     </span>
     <span class='ocr_line' id='line_1_17' title="bbox 161 1498 1613 1569; baseline 0 -16"><span class='ocrx_word' id='word_1_111' title='bbox 161 1500 297 1553; x_wconf 81' lang='lat' dir='ltr'>Non</span> <span class='ocrx_word' id='word_1_112' title='bbox 329 1514 384 1552; x_wconf 86' lang='lat' dir='ltr'>te</span> <span class='ocrx_word' id='word_1_113' title='bbox 417 1498 776 1569; x_wconf 84' lang='lat' dir='ltr'>distringimus</span> <span class='ocrx_word' id='word_1_114' title='bbox 806 1499 1004 1553; x_wconf 82' lang='lat' dir='ltr'>votis:</span> <span class='ocrx_word' id='word_1_115' title='bbox 1047 1515 1164 1555; x_wconf 84' lang='lat' dir='ltr'>non</span> <span class='ocrx_word' id='word_1_116' title='bbox 1195 1499 1343 1555; x_wconf 88' lang='lat' dir='ltr'>enim</span> <span class='ocrx_word' id='word_1_117' title='bbox 1384 1516 1569 1568; x_wconf 83' lang='lat' dir='ltr'>pacem</span> <span class='ocrx_word' id='word_1_118' title='bbox 1596 1539 1613 1564; x_wconf 88' lang='lat'>,</span> 
     </span>
     <span class='ocr_line' id='line_1_18' title="bbox 148 1572 1614 1642; baseline 0.001 -17"><span class='ocrx_word' id='word_1_119' title='bbox 148 1588 282 1627; x_wconf 73' lang='lat' dir='ltr'>non</span> <span class='ocrx_word' id='word_1_120' title='bbox 321 1572 706 1637; x_wconf 79' lang='lat' dir='ltr'>concordiam,</span> <span class='ocrx_word' id='word_1_121' title='bbox 754 1589 868 1625; x_wconf 86' lang='lat' dir='ltr'>non</span> <span class='ocrx_word' id='word_1_122' title='bbox 914 1572 1288 1635; x_wconf 75' lang='lat' dir='ltr'>securitatem,</span> <span class='ocrx_word' id='word_1_123' title='bbox 1327 1589 1442 1637; x_wconf 77' lang='lat' dir='ltr'>non</span> <span class='ocrx_word' id='word_1_124' title='bbox 1478 1590 1614 1642; x_wconf 84' lang='lat' dir='ltr'>opes</span> 
     </span>
     <span class='ocr_line' id='line_1_19' title="bbox 146 1644 1616 1714; baseline -0.001 -13"><span class='ocrx_word' id='word_1_125' title='bbox 146 1661 421 1710; x_wconf 76' lang='lat' dir='ltr'>,oramus,</span> <span class='ocrx_word' id='word_1_126' title='bbox 458 1662 572 1698; x_wconf 80' lang='lat' dir='ltr'>non</span> <span class='ocrx_word' id='word_1_127' title='bbox 605 1647 879 1699; x_wconf 85' lang='lat' dir='ltr'>honores:</span> <span class='ocrx_word' id='word_1_128' title='bbox 919 1645 1152 1714; x_wconf 76' lang='lat' dir='ltr'>simplex</span> <span class='ocrx_word' id='word_1_129' title='bbox 1185 1644 1479 1714; x_wconf 67' lang='lat' dir='ltr'>cunflaque</span> <span class='ocrx_word' id='word_1_130' title='bbox 1520 1645 1616 1700; x_wconf 73' lang='lat' dir='ltr'>issa</span> 
     </span>
     <span class='ocr_line' id='line_1_20' title="bbox 162 1717 1615 1788; baseline -0.003 -15"><span class='ocrx_word' id='word_1_131' title='bbox 162 1721 515 1788; x_wconf 81' lang='lat' dir='ltr'>complexum</span> <span class='ocrx_word' id='word_1_132' title='bbox 552 1736 719 1772; x_wconf 81' lang='lat' dir='ltr'>unum</span> <span class='ocrx_word' id='word_1_133' title='bbox 769 1717 1013 1772; x_wconf 89' lang='lat' dir='ltr'>omnium</span> <span class='ocrx_word' id='word_1_134' title='bbox 1054 1733 1249 1772; x_wconf 80' lang='lat' dir='ltr'>votum</span> <span class='ocrx_word' id='word_1_135' title='bbox 1269 1765 1276 1771; x_wconf 90' lang='lat'>.</span> <span class='ocrx_word' id='word_1_136' title='bbox 1293 1717 1367 1773; x_wconf 76' lang='lat' dir='ltr'>est</span> <span class='ocrx_word' id='word_1_137' title='bbox 1401 1756 1418 1781; x_wconf 83' lang='lat'>‚</span> <span class='ocrx_word' id='word_1_138' title='bbox 1477 1717 1615 1785; x_wconf 74' lang='lat' dir='ltr'>salus</span> 
     </span>
     <span class='ocr_line' id='line_1_21' title="bbox 163 1790 1613 1863; baseline 0.001 -19"><span class='ocrx_word' id='word_1_139' title='bbox 163 1793 431 1862; x_wconf 75' lang='lat' dir='ltr'>Principis.</span> <span class='ocrx_word' id='word_1_140' title='bbox 473 1794 587 1846; x_wconf 87' lang='lat' dir='ltr'>Nec</span> <span class='ocrx_word' id='word_1_141' title='bbox 616 1790 753 1845; x_wconf 82' lang='lat' dir='ltr'>vero</span> <span class='ocrx_word' id='word_1_142' title='bbox 780 1809 983 1845; x_wconf 82' lang='lat' dir='ltr'>novam</span> <span class='ocrx_word' id='word_1_143' title='bbox 1016 1791 1116 1846; x_wconf 85' lang='lat' dir='ltr'>tibi</span> <span class='ocrx_word' id='word_1_144' title='bbox 1157 1790 1486 1863; x_wconf 72' lang='lat' dir='ltr'>injungimus</span> <span class='ocrx_word' id='word_1_145' title='bbox 1517 1808 1613 1845; x_wconf 87' lang='lat' dir='ltr'>cu·</span> 
     </span>
     <span class='ocr_line' id='line_1_22' title="bbox 163 1865 1615 1933; baseline 0.001 -15"><span class='ocrx_word' id='word_1_146' title='bbox 163 1883 313 1930; x_wconf 4' lang='lat' dir='ltr'>ram..</span> <span class='ocrx_word' id='word_1_147' title='bbox 340 1868 427 1920; x_wconf 87' lang='lat' dir='ltr'>Tu</span> <span class='ocrx_word' id='word_1_148' title='bbox 458 1867 605 1920; x_wconf 88' lang='lat' dir='ltr'>enim</span> <span class='ocrx_word' id='word_1_149' title='bbox 643 1865 751 1933; x_wconf 80' lang='lat' dir='ltr'>jam</span> <span class='ocrx_word' id='word_1_150' title='bbox 783 1883 911 1919; x_wconf 88' lang='lat' dir='ltr'>runc</span> <span class='ocrx_word' id='word_1_151' title='bbox 938 1866 1092 1920; x_wconf 87' lang='lat' dir='ltr'>illum</span> <span class='ocrx_word' id='word_1_152' title='bbox 1132 1865 1190 1919; x_wconf 87' lang='lat' dir='ltr'>in</span> <span class='ocrx_word' id='word_1_153' title='bbox 1209 1868 1435 1919; x_wconf 82' lang='lat' dir='ltr'>tutelam</span> <span class='ocrx_word' id='word_1_154' title='bbox 1466 1883 1615 1920; x_wconf 87' lang='lat' dir='ltr'>rece-</span> 
     </span>
     <span class='ocr_line' id='line_1_23' title="bbox 163 1938 1616 2009; baseline -0.001 -16"><span class='ocrx_word' id='word_1_155' title='bbox 163 1938 291 2008; x_wconf 76' lang='lat' dir='ltr'>pisti</span> <span class='ocrx_word' id='word_1_156' title='bbox 320 1978 337 2004; x_wconf 89' lang='lat'>‚</span> <span class='ocrx_word' id='word_1_157' title='bbox 423 1958 553 1993; x_wconf 87' lang='lat' dir='ltr'>uum</span> <span class='ocrx_word' id='word_1_158' title='bbox 585 1940 852 2009; x_wconf 77' lang='lat' dir='ltr'>praedonis</span> <span class='ocrx_word' id='word_1_159' title='bbox 893 1939 1194 1993; x_wconf 76' lang='lat' dir='ltr'>avidissimi</span> <span class='ocrx_word' id='word_1_160' title='bbox 1231 1939 1471 1995; x_wconf 73' lang='lat' dir='ltr'>faucibus</span> <span class='ocrx_word' id='word_1_161' title='bbox 1507 1940 1616 1993; x_wconf 88' lang='lat' dir='ltr'>eri-</span> 
     </span>
     <span class='ocr_line' id='line_1_24' title="bbox 164 2012 1616 2082; baseline 0 -15"><span class='ocrx_word' id='word_1_162' title='bbox 164 2013 346 2081; x_wconf 84' lang='lat' dir='ltr'>puisti.</span> <span class='ocrx_word' id='word_1_163' title='bbox 364 2016 553 2082; x_wconf 82' lang='lat' dir='ltr'>Neque</span> <span class='ocrx_word' id='word_1_164' title='bbox 568 2013 715 2067; x_wconf 86' lang='lat' dir='ltr'>enim</span> <span class='ocrx_word' id='word_1_165' title='bbox 733 2013 851 2066; x_wconf 83' lang='lat' dir='ltr'>sine</span> <span class='ocrx_word' id='word_1_166' title='bbox 868 2012 1076 2068; x_wconf 80' lang='lat' dir='ltr'>auxilio</span> <span class='ocrx_word' id='word_1_167' title='bbox 1089 2028 1185 2080; x_wconf 82' lang='lat' dir='ltr'>tuo</span> <span class='ocrx_word' id='word_1_168' title='bbox 1195 2037 1215 2075; x_wconf 81' lang='lat'>-‚</span> <span class='ocrx_word' id='word_1_169' title='bbox 1237 2028 1401 2081; x_wconf 88' lang='lat' dir='ltr'>quum</span> <span class='ocrx_word' id='word_1_170' title='bbox 1421 2012 1616 2068; x_wconf 84' lang='lat' dir='ltr'>altissi-</span> 
     </span>
     <span class='ocr_line' id='line_1_25' title="bbox 164 2086 1615 2156; baseline 0 -17"><span class='ocrx_word' id='word_1_171' title='bbox 164 2103 254 2139; x_wconf 84' lang='lat' dir='ltr'>ma</span> <span class='ocrx_word' id='word_1_172' title='bbox 279 2089 506 2156; x_wconf 70' lang='lat' dir='ltr'>quaque</span> <span class='ocrx_word' id='word_1_173' title='bbox 529 2095 901 2156; x_wconf 85' lang='lat' dir='ltr'>quaterentur,</span> <span class='ocrx_word' id='word_1_174' title='bbox 937 2086 1064 2148; x_wconf 87' lang='lat' dir='ltr'>hic,</span> <span class='ocrx_word' id='word_1_175' title='bbox 1101 2087 1196 2155; x_wconf 90' lang='lat' dir='ltr'>qui</span> <span class='ocrx_word' id='word_1_176' title='bbox 1227 2087 1475 2139; x_wconf 85' lang='lat' dir='ltr'>omnibus</span> <span class='ocrx_word' id='word_1_177' title='bbox 1515 2103 1615 2139; x_wconf 82' lang='lat' dir='ltr'>ex-</span> 
     </span>
     <span class='ocr_line' id='line_1_26' title="bbox 164 2125 1616 2224; baseline 0 -11"><span class='ocrx_word' id='word_1_178' title='bbox 164 2161 368 2213; x_wconf 80' lang='lat' dir='ltr'>celsior</span> <span class='ocrx_word' id='word_1_179' title='bbox 390 2174 539 2224; x_wconf 88' lang='lat' dir='ltr'>erat,</span> <span class='ocrx_word' id='word_1_180' title='bbox 577 2158 914 2212; x_wconf 76' lang='lat' dir='ltr'>inconcussus</span> <span class='ocrx_word' id='word_1_181' title='bbox 949 2125 1110 2213; x_wconf 85' lang='lat' dir='ltr'>stetit.</span> <span class='ocrx_word' id='word_1_182' title='bbox 1149 2159 1452 2212; x_wconf 82' lang='lat' dir='ltr'>Praeterirus</span> <span class='ocrx_word' id='word_1_183' title='bbox 1483 2160 1556 2212; x_wconf 88' lang='lat' dir='ltr'>est</span> <span class='ocrx_word' id='word_1_184' title='bbox 1579 2177 1616 2213; x_wconf 81' lang='lat' dir='ltr'>a</span> 
     </span>
     <span class='ocr_line' id='line_1_27' title="bbox 161 2200 1617 2303; baseline 0 -17"><span class='ocrx_word' id='word_1_185' title='bbox 161 2233 410 2302; x_wconf 85' lang='lat' dir='ltr'>pessimo</span> <span class='ocrx_word' id='word_1_186' title='bbox 446 2200 728 2303; x_wconf 86' lang='lat' dir='ltr'>Principe,</span> <span class='ocrx_word' id='word_1_187' title='bbox 763 2233 858 2302; x_wconf 88' lang='lat' dir='ltr'>qui</span> <span class='ocrx_word' id='word_1_188' title='bbox 884 2232 1151 2303; x_wconf 68' lang='lat' dir='ltr'>praeteriri</span> <span class='ocrx_word' id='word_1_189' title='bbox 1176 2235 1239 2285; x_wconf 89' lang='lat' dir='ltr'>ab</span> <span class='ocrx_word' id='word_1_190' title='bbox 1269 2233 1482 2300; x_wconf 83' lang='lat' dir='ltr'>optimo</span> <span class='ocrx_word' id='word_1_191' title='bbox 1502 2250 1617 2286; x_wconf 91' lang='lat' dir='ltr'>non</span> 
     </span>
     <span class='ocr_line' id='line_1_28' title="bbox 163 2305 1615 2377; baseline 0 -18"><span class='ocrx_word' id='word_1_192' title='bbox 163 2306 367 2377; x_wconf 87' lang='lat' dir='ltr'>potuit.</span> <span class='ocrx_word' id='word_1_193' title='bbox 407 2306 492 2359; x_wconf 80' lang='lat' dir='ltr'>Tu</span> <span class='ocrx_word' id='word_1_194' title='bbox 517 2310 654 2360; x_wconf 84' lang='lat' dir='ltr'>clara</span> <span class='ocrx_word' id='word_1_195' title='bbox 687 2305 871 2371; x_wconf 82' lang='lat' dir='ltr'>judicii</span> <span class='ocrx_word' id='word_1_196' title='bbox 901 2308 984 2359; x_wconf 92' lang='lat' dir='ltr'>tui</span> <span class='ocrx_word' id='word_1_197' title='bbox 1015 2305 1166 2375; x_wconf 86' lang='lat' dir='ltr'>signa</span> <span class='ocrx_word' id='word_1_198' title='bbox 1196 2305 1421 2369; x_wconf 85' lang='lat' dir='ltr'>misisti,</span> <span class='ocrx_word' id='word_1_199' title='bbox 1448 2323 1615 2376; x_wconf 86' lang='lat' dir='ltr'>quum</span> 
     </span>
     <span class='ocr_line' id='line_1_29' title="bbox 163 2380 1614 2449; baseline -0.001 -16"><span class='ocrx_word' id='word_1_200' title='bbox 163 2380 535 2449; x_wconf 86' lang='lat' dir='ltr'>proficiscenti</span> <span class='ocrx_word' id='word_1_201' title='bbox 559 2382 623 2434; x_wconf 89' lang='lat' dir='ltr'>ad</span> <span class='ocrx_word' id='word_1_202' title='bbox 645 2380 940 2433; x_wconf 82' lang='lat' dir='ltr'>exercitum</span> <span class='ocrx_word' id='word_1_203' title='bbox 971 2393 1068 2432; x_wconf 89' lang='lat' dir='ltr'>tuo</span> <span class='ocrx_word' id='word_1_204' title='bbox 1093 2380 1351 2442; x_wconf 83' lang='lat' dir='ltr'>nomine,</span> <span class='ocrx_word' id='word_1_205' title='bbox 1386 2394 1480 2432; x_wconf 91' lang='lat' dir='ltr'>tuo</span> <span class='ocrx_word' id='word_1_206' title='bbox 1510 2381 1614 2432; x_wconf 90' lang='lat' dir='ltr'>ho-</span> 
     </span>
     <span class='ocr_line' id='line_1_30' title="bbox 162 2452 1614 2521; baseline -0.002 -13"><span class='ocrx_word' id='word_1_207' title='bbox 162 2471 302 2508; x_wconf 83' lang='lat' dir='ltr'>nore</span> <span class='ocrx_word' id='word_1_208' title='bbox 336 2453 553 2508; x_wconf 87' lang='lat' dir='ltr'>cessisti.</span> <span class='ocrx_word' id='word_1_209' title='bbox 598 2455 683 2506; x_wconf 89' lang='lat' dir='ltr'>Tu</span> <span class='ocrx_word' id='word_1_210' title='bbox 714 2470 854 2506; x_wconf 81' lang='lat' dir='ltr'>voce</span> <span class='ocrx_word' id='word_1_211' title='bbox 894 2453 1189 2521; x_wconf 78' lang='lat' dir='ltr'>imperatoris</span> <span class='ocrx_word' id='word_1_212' title='bbox 1227 2452 1357 2521; x_wconf 90' lang='lat' dir='ltr'>quid</span> <span class='ocrx_word' id='word_1_213' title='bbox 1388 2453 1614 2506; x_wconf 84' lang='lat' dir='ltr'>sentires</span> 
     </span>
     <span class='ocr_line' id='line_1_31' title="bbox 162 2525 1616 2594; baseline -0.003 -13"><span class='ocrx_word' id='word_1_214' title='bbox 162 2531 381 2581; x_wconf 89' lang='lat' dir='ltr'>locutus</span> <span class='ocrx_word' id='word_1_215' title='bbox 412 2567 428 2592; x_wconf 90' lang='lat'>,</span> <span class='ocrx_word' id='word_1_216' title='bbox 456 2526 629 2579; x_wconf 86' lang='lat' dir='ltr'>filium</span> <span class='ocrx_word' id='word_1_217' title='bbox 654 2528 773 2590; x_wconf 86' lang='lat' dir='ltr'>illi,</span> <span class='ocrx_word' id='word_1_218' title='bbox 813 2525 968 2578; x_wconf 85' lang='lat' dir='ltr'>nobis</span> <span class='ocrx_word' id='word_1_219' title='bbox 990 2541 1262 2594; x_wconf 88' lang='lat' dir='ltr'>parentem</span> <span class='ocrx_word' id='word_1_220' title='bbox 1290 2566 1306 2589; x_wconf 85' lang='lat'>,</span> <span class='ocrx_word' id='word_1_221' title='bbox 1348 2525 1446 2577; x_wconf 89' lang='lat' dir='ltr'>tibi</span> <span class='ocrx_word' id='word_1_222' title='bbox 1474 2542 1616 2593; x_wconf 89' lang='lat' dir='ltr'>pon-</span> 
     </span>
     <span class='ocr_line' id='line_1_32' title="bbox 163 2597 1615 2669; baseline -0.002 -17"><span class='ocrx_word' id='word_1_223' title='bbox 163 2601 371 2653; x_wconf 84' lang='lat' dir='ltr'>tificem</span> <span class='ocrx_word' id='word_1_224' title='bbox 402 2600 699 2653; x_wconf 83' lang='lat' dir='ltr'>maximum</span> <span class='ocrx_word' id='word_1_225' title='bbox 739 2599 956 2669; x_wconf 85' lang='lat' dir='ltr'>elegisti.</span> <span class='ocrx_word' id='word_1_226' title='bbox 1015 2597 1142 2666; x_wconf 76' lang='lat' dir='ltr'>Quo</span> <span class='ocrx_word' id='word_1_227' title='bbox 1186 2597 1385 2662; x_wconf 81' lang='lat' dir='ltr'>majore</span> <span class='ocrx_word' id='word_1_228' title='bbox 1421 2597 1615 2652; x_wconf 69' lang='lat' dir='ltr'>fiducia</span> 
     </span>
     <span class='ocr_line' id='line_1_33' title="bbox 166 2671 1614 2742; baseline -0.002 -15"><span class='ocrx_word' id='word_1_229' title='bbox 166 2674 357 2727; x_wconf 87' lang='lat' dir='ltr'>iisdem</span> <span class='ocrx_word' id='word_1_230' title='bbox 390 2673 499 2727; x_wconf 87' lang='lat' dir='ltr'>illis</span> <span class='ocrx_word' id='word_1_231' title='bbox 529 2673 679 2725; x_wconf 84' lang='lat' dir='ltr'>votis</span> <span class='ocrx_word' id='word_1_232' title='bbox 720 2712 736 2736; x_wconf 87' lang='lat'><strong>‚</strong></span> <span class='ocrx_word' id='word_1_233' title='bbox 797 2690 912 2742; x_wconf 82' lang='lat' dir='ltr'>quae</span> <span class='ocrx_word' id='word_1_234' title='bbox 950 2671 1064 2742; x_wconf 83' lang='lat' dir='ltr'>ipse</span> <span class='ocrx_word' id='word_1_235' title='bbox 1097 2689 1196 2739; x_wconf 89' lang='lat' dir='ltr'>pro</span> <span class='ocrx_word' id='word_1_236' title='bbox 1227 2671 1280 2722; x_wconf 90' lang='lat' dir='ltr'>se</span> <span class='ocrx_word' id='word_1_237' title='bbox 1318 2672 1614 2739; x_wconf 86' lang='lat' dir='ltr'>nuncupari</span> 
     </span>
     <span class='ocr_line' id='line_1_34' title="bbox 163 2744 1618 2812; baseline -0.003 -13"><span class='ocrx_word' id='word_1_238' title='bbox 163 2746 354 2812; x_wconf 76' lang='lat' dir='ltr'>iubet,</span> <span class='ocrx_word' id='word_1_239' title='bbox 386 2763 487 2799; x_wconf 88' lang='lat' dir='ltr'>oro</span> <span class='ocrx_word' id='word_1_240' title='bbox 515 2747 567 2798; x_wconf 73' lang='grc' dir='ltr'>δί</span> <span class='ocrx_word' id='word_1_241' title='bbox 590 2746 820 2799; x_wconf 87' lang='lat' dir='ltr'>obtestor</span> <span class='ocrx_word' id='word_1_242' title='bbox 847 2785 863 2809; x_wconf 84' lang='lat'>,</span> <span class='ocrx_word' id='word_1_243' title='bbox 880 2746 929 2811; x_wconf 81' lang='lat' dir='ltr'><em>st</em></span> <span class='ocrx_word' id='word_1_244' title='bbox 945 2748 1059 2796; x_wconf 78' lang='lat' dir='ltr'>bene</span> <span class='ocrx_word' id='word_1_245' title='bbox 1085 2744 1414 2811; x_wconf 78' lang='lat' dir='ltr'>rempublicam</span> <span class='ocrx_word' id='word_1_246' title='bbox 1437 2779 1450 2803; x_wconf 91' lang='lat'>,</span> <span class='ocrx_word' id='word_1_247' title='bbox 1481 2745 1529 2812; x_wconf 88' lang='lat' dir='ltr'><em>fi</em></span> <span class='ocrx_word' id='word_1_248' title='bbox 1557 2763 1618 2796; x_wconf 75' lang='lat' dir='ltr'>ex</span> 
     </span>
     <span class='ocr_line' id='line_1_35' title="bbox 163 2817 1617 2888; baseline 0 -17"><span class='ocrx_word' id='word_1_249' title='bbox 163 2821 384 2871; x_wconf 68' lang='lat' dir='ltr'>utilitate</span> <span class='ocrx_word' id='word_1_250' title='bbox 405 2821 603 2871; x_wconf 79' lang='lat' dir='ltr'>omnium</span> <span class='ocrx_word' id='word_1_251' title='bbox 624 2822 784 2888; x_wconf 79' lang='lat' dir='ltr'>regit,</span> <span class='ocrx_word' id='word_1_252' title='bbox 819 2819 1056 2887; x_wconf 73' lang='lat' dir='ltr'>primum</span> <span class='ocrx_word' id='word_1_253' title='bbox 1075 2833 1133 2870; x_wconf 92' lang='lat' dir='ltr'>ut</span> <span class='ocrx_word' id='word_1_254' title='bbox 1158 2817 1306 2869; x_wconf 85' lang='lat' dir='ltr'>illum</span> <span class='ocrx_word' id='word_1_255' title='bbox 1330 2817 1617 2884; x_wconf 84' lang='lat' dir='ltr'>nepotibus</span> 
     </span>
    </p>
   </div>
   <div class='ocr_carea' id='block_1_3' title="bbox 165 2889 1616 3016">
    <p class='ocr_par' dir='ltr' id='par_1_5' title="bbox 165 2889 1616 3016">
     <span class='ocr_line' id='line_1_36' title="bbox 165 2889 1616 3015; baseline -0.003 -68"><span class='ocrx_word' id='word_1_256' title='bbox 165 2893 360 2948; x_wconf 86' lang='lat' dir='ltr'>nostris</span> <span class='ocrx_word' id='word_1_257' title='bbox 379 2910 439 2948; x_wconf 88' lang='lat' dir='ltr'>ac</span> <span class='ocrx_word' id='word_1_258' title='bbox 466 2892 856 2963; x_wconf 88' lang='lat' dir='ltr'>pronepotibus</span> <span class='ocrx_word' id='word_1_259' title='bbox 887 2892 1100 2945; x_wconf 81' lang='lat' dir='ltr'>serves·</span> <span class='ocrx_word' id='word_1_260' title='bbox 1090 2927 1106 2952; x_wconf 92' lang='lat'><strong>,</strong></span> <span class='ocrx_word' id='word_1_261' title='bbox 1149 2889 1347 3015; x_wconf 51' lang='lat' dir='ltr'>deiuge</span> <span class='ocrx_word' id='word_1_262' title='bbox 1361 2905 1422 2941; x_wconf 90' lang='lat' dir='ltr'>ut</span> <span class='ocrx_word' id='word_1_263' title='bbox 1453 2907 1616 2960; x_wconf 85' lang='lat' dir='ltr'>quan-</span> 
     </span>
     <span class='ocr_line' id='line_1_37' title="bbox 1334 2980 1392 3016; baseline 0.034 -2"><span class='ocrx_word' id='word_1_264' title='bbox 1334 2980 1392 3016; x_wconf 78' lang='lat' dir='ltr'>iv</span> 
     </span>
    </p>
   </div>
  </div>
 </body>
</html>
