1951 3720
413 185 418 186 ⁷
445 163 468 177 Q

332 293 605 361 Epzs
642 309 689 359 T
724 275 1336 364 oLAE.'Lib.V11.
1442 287 1573 392 ‘225

183 414 414 467 XXIX.
458 414 790 467 Pmnnss
831 414 1243 467 MONTANO
1288 429 1435 468 suo
1475 418 1534 470 S.

153 534 380 586 Pallantis
412 534 576 586 liberti
603 552 943 586 monumentum
963 536 1089 588 ridet
1114 556 1214 588 cum
1236 538 1590 607 indignatione.

709 632 930 691 Vide8,
954 633 1010 684 6.

154 714 493 819 RIDEBIS,
519 755 707 808 deinde
726 755 1119 825 indignaberi3‚
1144 755 1332 810 deinde
1352 756 1583 823 ridebis,

154 827 194 879 si
216 829 436 900 legeris,
462 831 609 898 quod
632 829 737 882 nisi
758 830 988 899 legeris,
1012 847 1124 881 non
1154 845 1327 898 potes
1348 834 1581 885 credere.

152 900 223 954 Est
246 903 342 956 via
371 902 654 955 Tiburtina
686 903 824 955 intra
845 903 1078 971 primum
1101 902 1368 974 lapidem(
1392 905 1584 972 proxi·

152 975 224 1029 me
257 976 557 1043 adnotavi)
583 992 990 1029 monumentum
1020 977 1308 1029 Pallantis
1295 993 1369 1029 xta
1392 978 1586 1031 inscri-

150 1065 340 1117 ptum:
379 1050 513 1100 Hu1c
542 1048 783 1117 senatus,
826 1051 885 1101 ob
926 1052 1076 1120 fidem
1109 1052 1425 1130 pietatemque
1474 1071 1586 1122 erga

147 1141 363 1191 patronos
385 1158 401 1183 ‚
441 1140 715 1175 ornamenta
751 1131 977 1192 praetoria
1017 1125 1223 1175 decrevit
1257 1159 1275 1181 ‚
1322 1126 1367 1175 6·
1408 1123 1586 1192 sester-

152 1197 248 1248 tium
268 1198 449 1249 centies
484 1199 815 1267 qulnquagie55
844 1197 986 1281 cujus·
990 1200 1166 1249 honore
1191 1214 1439 1249 contentus
1456 1198 1586 1265 fuit.

150 1270 395 1340 Equidem
439 1288 726 1339 numquam
764 1271 877 1323 sum
914 1270 1134 1323 miratus
1172 1289 1288 1340 quae
1325 1271 1514 1339 saepius
1553 1289 1584 1325 a

150 1343 348 1397 fortuna
365 1384 380 1408 ‚
398 1343 556 1413 quam
571 1343 812 1407 aiudicio
826 1343 1287 1412 proficiscerentur
1307 1364 1320 1398 ε
1343 1343 1580 1399 maxime

151 1431 316 1471 tamen
344 1419 437 1470 hic
456 1435 542 1470 me
566 1417 751 1470 titulus
777 1417 1054 1470 admonuit
1069 1458 1084 1482 ‚
1107 1417 1264 1487 quam
1289 1417 1452 1471 effent
1476 1418 1582 1470 mi-

149 1492 274 1544 mica
313 1494 367 1544 &
398 1492 578 1560 inepta
599 1532 615 1554 ‚
647 1509 764 1560 quae
799 1492 1063 1545 interdum
1094 1492 1152 1543 in
1187 1493 1293 1544 hoc
1326 1505 1542 1545 coenum
1564 1532 1584 1556 ,

149 1563 202 1615 in
227 1567 317 1618 has
347 1566 528 1618 sordes
563 1563 938 1629 abjicerentur:
965 1583 1082 1634 quae
1112 1564 1341 1633 denique
1360 1565 1450 1617 ine
1468 1566 1580 1617 fur-

151 1636 268 1690 cifer
307 1640 362 1691 &
412 1635 648 1706 tecipere
679 1639 830 1691 ausus
876 1638 985 1700 est,
1020 1640 1073 1690 &
1108 1638 1385 1700 recusare,
1424 1652 1583 1708 atque

149 1711 329 1776 etiam,
354 1728 418 1768 ut
442 1712 826 1765 moderationis
845 1713 1184 1780 exemplum,
1206 1710 1427 1778 posteris
1452 1727 1583 1778 pro·

150 1787 276 1838 dere.
317 1788 426 1838 Sed
461 1785 589 1854 quid
620 1784 916 1857 indignor?
953 1785 1147 1837 Ridere
1191 1784 1387 1847 satim,
1425 1800 1492 1835 ne
1530 1784 1585 1837 se

149 1876 393 1929 magnum
431 1858 634 1929 aliquid
674 1860 893 1928 adeptos
929 1875 1155 1927 putent,
1191 1856 1283 1926 qui
1320 1859 1423 1910 huc
1461 1856 1586 1911 feli-

151 1931 301 1988 citate
338 1933 702 2002 perveniunt,
740 1949 802 1986 ut
830 1933 1115 1986 rideantur.
1153 1932 1311 1987 Vale.

204 2055 413 2108 XXX.
455 2055 795 2107 Pinnos
838 2053 1251 2106 Genu-roim
1296 2054 1440 2107 suo
1482 2057 1539 2109 S.

149 2153 301 2204 Dolet
332 2154 563 2222 impedita
596 2151 683 2219 effe
709 2169 857 2202 morte
889 2152 1111 2221 discipuli
1122 2153 1283 2216 studia
1308 2151 1552 2205 Genitoris
1570 2173 1591 2216 3

173 2250 260 2319 fua
279 2253 397 2303 νενὸ
430 2252 481 2302 in
494 2248 672 2319 seceffu
697 2269 795 2301 non
826 2249 914 2317 effe
942 2252 1281 2318 tranquillt'ora
1299 2252 1559 2320 significat.

148 2355 287 2456 To
305 2413 404 2460 RQ
422 2413 465 2451 u
484 2411 518 2449 Ε
536 2411 576 2449 ο
596 2411 635 2448 R
691 2395 836 2465 quod
882 2395 1198 2463 discipulum
1219 2437 1234 2461 ‚
1269 2412 1328 2450 ut
1365 2399 1546 2452 scribis
1573 2438 1590 2463 ‚

145 2472 364 2540 optimae
414 2471 530 2540 spei
577 2469 845 2535 amisisti,
901 2468 1048 2534 cujus
1087 2470 1142 2521 &
1185 2472 1489 2525 valetudine
1540 2474 1592 2524 δε

146 2562 318 2603 morte
360 2544 619 2613 impedita
658 2543 821 2596 studia
846 2558 936 2595 tua
967 2542 1153 2612 quidni
1190 2545 1393 2609 sciam,
1426 2562 1592 2614 quum

145 2617 216 2672 sis
237 2619 496 2672 omnium
520 2616 828 2670 officiorum
838 2616 1375 2681 observantissimus,
1407 2636 1591 2686 quum-

144 2709 245 2760 que
282 2709 516 2755 omnes‚
538 2707 675 2760 quos
699 2693 890 2760 probas
923 2730 939 2755 ‚
981 2689 1303 2744 effusissime
1344 2657 1530 2760 diligas
1569 2688 1593 2744 ἒ

144 2765 237 2817 Me
272 2768 383 2818 huc
428 2781 644 2834 quoque
689 2767 887 2817 urbana
929 2764 1147 2834 negotia
1192 2766 1599 2833 persequuntur.

140 2840 268 2891 Non
289 2840 482 2892 desunt
501 2839 648 2891 enim
668 2839 761 2909 qui
785 2855 870 2889 me
889 2836 1117 2904 judicem
1137 2854 1226 2890 aut
1246 2837 1498 2891 arbitrum
1517 2838 1599 2889 fa-

144 2912 306 2970 ciant.
343 2915 616 2968 Accedunt
637 2913 862 2982 querelae
896 2911 1248 3037 rusticorumK,
1270 2911 1363 2980 qui
1385 2912 1598 2965 auribus

1266 3003 1305 3038 v
