1951 3720
394 306 527 402 138
655 305 994 388 ,CAII
1058 306 1487 380 PL1N11

381 446 586 483 venum
620 447 637 489 ·‚
680 430 860 482 audias
910 430 1110 483 fabulas
1160 443 1374 482 veteres
1401 469 1416 491 ‚
1457 430 1806 501 sermonesque
1884 441 1885 476 ἰ

383 504 687 568 majorum3
727 520 997 573 quumque
1038 504 1255 556 veneris
1287 502 1418 567 illo,
1443 519 1597 573 putes
1630 507 1731 559 alio
1764 522 1806 560 te

381 576 564 630 seculo
585 591 787 630 natum.
813 576 1076 647 Regionis
1098 578 1268 631 forma
1289 579 1659 645 pulcherrima.
1692 582 1808 631 lma·

384 649 567 721 ginare
615 651 1060 718 amphitheatrum
1101 652 1320 719 aliquod
1364 651 1678 704 immensum
1711 693 1725 716 ‚
1765 654 1807 705 &
1884 665 1885 700 3

386 727 543 793 quale
578 725 690 777 sola
730 741 907 786 rerum
948 739 1132 777 natura
1162 724 1350 792 ,possit
1386 725 1652 794 effingere.
1701 728 1810 779 Lata

388 797 442 850 ὅτ
481 796 667 850 diffusa
702 799 952 865 planities
995 799 1267 850 montibus
1306 798 1579 867 cingitur-3
1620 815 1810 851 montes
1884 793 1885 802 ’

386 871 592 923 summa
627 871 707 923 sui
730 886 876 940 parte
907 888 1130 939 procera
1158 887 1379 924 nemora
1413 873 1464 923 &
1493 873 1706 940 antiqua
1733 874 1810 925 ha·
1884 873 1885 886 ¹

385 944 533 998 henr.
568 945 833 1013 Frequens
858 945 934 997 ibi
960 945 1014 996 ὅτ
1035 944 1185 997 varia
1212 945 1454 997 venati0.
1494 947 1621 998 Inde
1644 948 1810 1000 caeduae
1884 1007 1885 1014 ἵ

380 1017 542 1086 silvae
591 1034 712 1072 cum
761 1017 881 1085 ipso
935 1033 1124 1072 monte
1175 1018 1534 1071 descendunt:
1568 1019 1660 1071 has
1696 1018 1814 1072 inter

385 1091 615 1160 pingues
668 1091 969 1161 terrenique
1015 1094 1180 1144 colles
1218 1092 1240 1160 (
1275 1108 1447 1159 neque
1494 1092 1642 1144 enim
1679 1092 1811 1147 facile

383 1165 608 1233 usquam
647 1165 867 1227 saxum,
905 1164 1069 1217 etiam
1112 1164 1160 1218 si
1212 1180 1474 1233 quaeratur
1498 1204 1515 1229 ,
1562 1165 1813 1231 occurrit)

388 1238 718 1306 planissimis
754 1237 955 1306 campis
992 1238 1266 1290 fertilitate
1300 1254 1413 1289 non
1447 1240 1677 1291 cedunt·
1669 1275 1682 1299 ‚
1719 1239 1815 1307 opi-

387 1328 637 1381 mamque
667 1310 883 1364 mefi‘em
919 1311 1082 1363 serius
1120 1311 1359 1375 tantum,
1384 1311 1474 1363 sed
1510 1329 1626 1365 non
1659 1313 1813 1374 minus

388 1400 743 1454 percoquunt.
782 1386 898 1436 Sub
917 1385 1003 1437 his
1033 1402 1128 1453 per
1162 1387 1303 1436 latus
1325 1391 1487 1437 omne
1513 1387 1692 1440 vinear
1708 1404 1812 1455 por·

387 1458 667 1527 figuntur,
706 1476 973 1527 unamque
1014 1458 1205 1511 faciem
1247 1457 1410 1529 longe
1453 1458 1668 1529 lateque
1704 1477 1814 1514 con·

390 1545 619 1583 texunt·
608 1568 624 1593 ,
672 1548 893 1600 quarum
933 1549 962 1583 a
1005 1531 1112 1585 fine
1149 1533 1371 1602 imoque
1409 1534 1565 1601 quasi
1607 1534 1815 1603 margine

347 1615 350 1622 '
390 1605 589 1657 arbusta
611 1606 921 1664 nascuntur,
952 1611 1100 1673 prata
1119 1605 1272 1672 inde,
1296 1607 1614 1675 campique.
1635 1608 1813 1676 campi,

391 1695 531 1748 quos
556 1697 669 1740 non
704 1679 812 1731 nisi
849 1679 1095 1747 ingentes
1118 1681 1288 1734 boves
1316 1682 1368 1738 δι
1397 1681 1709 1734 fortissima
1723 1697 1816 1733 ara-

306 1787 320 1792 -
390 1765 473 1805 tra
512 1751 861 1822 perfringunt.
904 1753 1092 1805 Tantis
1132 1754 1301 1823 glebis
1339 1754 1735 1808 tenacissimum
1754 1755 1820 1807 so·

392 1827 547 1891 lum,
588 1844 752 1895 quum
796 1825 1032 1894 primum
1077 1828 1382 1895 prosecatur
1415 1868 1430 1894 ,
1480 1828 1738 1900 affut-git,
1769 1841 1818 1881 ut

393 1917 547 1972 nono
584 1903 798 1953 demum
839 1902 989 1953 sulco
1029 1903 1391 1968 perdometur.
1447 1903 1605 1955 Prata
1653 1902 1818 1956 florida

398 1975 454 2028 ὅ(
490 1992 733 2045 gemmea
767 1972 1070 2038 trifolium,
1109 1975 1341 2059 aliasque
1376 1977 1604 2040 herbas,
1637 1992 1819 2030 teneras
1884 2028 1885 2041 ¹

389 2048 603 2116 semper
623 2049 675 2100 δι
699 2049 925 2112 molles,
955 2049 1008 2100 &
1041 2048 1194 2116 quasi
1215 2066 1423 2114 novas,
1449 2051 1619 2103 alunt.
1643 2047 1818 2102 (Σιιιιᾶι
1884 2052 1885 2055 ’

392 2123 544 2176 enim
563 2120 882 2190 perennibus
912 2121 1047 2174 rivis
1080 2123 1406 2176 nutriuntur.
1450 2124 1556 2176 Sed
1578 2123 1670 2176 ubi
1692 2139 1817 2191 aqua·

391 2197 687 2266 plurimum
710 2235 726 2259 ‚
763 2197 915 2264 palus
946 2197 1090 2248 nulla
1109 2214 1126 2255 ·‚
1151 2197 1277 2264 quia
1295 2198 1501 2249 devexa
1524 2212 1663 2249 terra
1684 2196 1816 2264 quid·

395 2269 531 2338 quid
559 2269 788 2339 liquoris
812 2268 1016 2337 accepit
1036 2308 1050 2332 ‚
1084 2286 1181 2321 nec
1201 2270 1467 2323 absorbuit
1487 2309 1504 2334 ,
1537 2269 1751 2322 effundit
1772 2269 1818 2320 in

395 2343 656 2397 Tiberim.
695 2343 911 2397 Medios
945 2343 1038 2395 ille
1076 2360 1232 2411 agros
1269 2344 1405 2396 secat
1427 2383 1441 2407 ‚
1483 2345 1706 2396 navium
1740 2359 1817 2410 pa·

395 2417 536 2471 tiens
558 2457 573 2480 ‚
606 2419 895 2485 omnesque
913 2416 1100 2486 fruges
1137 2417 1354 2470 devehit
1378 2417 1435 2470 in
1463 2419 1651 2469 urbem
1671 2457 1686 2480 ,
1717 2416 1816 2468 hie·

396 2509 485 2544 me
517 2493 772 2545 duntaxa-t
816 2491 869 2542 &
905 2507 1072 2550 vere·,
1109 2489 1280 2543 aestate
1318 2489 1696 2553 summittitur,
1733 2489 1818 2542 im·
1884 2544 1885 2547 ,

396 2565 676 2634 mensique
715 2563 954 2618 fluminis
980 2581 1181 2617 nomen
1210 2564 1384 2616 arenti
1416 2566 1577 2616 alveo
1611 2562 1817 2625 deserit,
1884 2572 1885 2575 ’

395 2638 915 2692 autumno-resumit.
960 2638 1214 2706 Magnam
1249 2636 1424 2705 capies
1465 2640 1816 2705 voluptatem,

395 2712 448 2765 si
487 2713 646 2766 hunc
662 2712 900 2782 regionis
946 2712 1111 2764 situm
1146 2729 1216 2766 ex
1255 2727 1441 2764 monte
1478 2708 1819 2778 prospexeris.

396 2787 605 2854 Neque
630 2786 776 2838 enim
801 2800 962 2837 terras
997 2784 1134 2846 tibi,
1177 2784 1268 2838 sed
1300 2784 1529 2837 formam
1567 2785 1819 2851 aliquam,

397 2861 465 2915 ad
507 2859 762 2913 eximiam
803 2857 1251 2928 pulchritudinem
1292 2856 1488 2926 piCtam
1519 2897 1537 2922 ,
1577 2853 1822 2909 videberis
1884 2926 1885 2929 Ἴ

398 2947 655 2995 eernere:
686 2933 750 2989 ea
770 2933 1069 3011 varietate
1089 2949 1154 2989 ea
1172 2930 1527 3002 descriptione
1541 2970 1556 2998 ,
1562 2943 1820 3002 quocum·
