1951 3720
346 247 489 328 '422
633 233 1502 306 PANEGratcvs

349 372 468 412 tum
504 359 599 412 vel
633 355 693 409 in
713 356 902 426 primis
924 356 1032 411 hoc
1071 375 1086 410 t
1135 360 1280 409 Crede
1317 359 1455 410 nobis
1472 394 1492 417 ,
1525 360 1663 410 crede
1689 357 1795 414 eibi.

345 429 550 501 Magna
596 432 703 485 hoc
748 429 946 484 fiducia
991 429 1157 483 nostri
1178 470 1195 495 ‚
1240 430 1444 497 majore
1494 447 1684 485 tamen
1722 433 1799 487 tui

345 503 605 559 diximus.
655 505 808 558 Alius
849 504 999 557 enim
1033 504 1243 558 fortafl'e
1279 506 1442 558 alium
1467 544 1483 569 ,
1531 505 1715 574 ipsum
1750 507 1802 559 se

347 594 513 632 nemo
532 579 830 648 deceperit;
859 578 1193 647 introspiciat
1211 578 1378 632 modo
1399 580 1573 631 vitam
1592 618 1609 643 ‚
1645 580 1803 648 seque

350 652 482 721 quid
503 668 765 705 mereatur
781 652 1096 722 interroget.
1128 652 1358 715 Proinde
1389 654 1546 705 dabat
1573 653 1799 706 vocibus

349 724 545 778 nostris
580 725 743 798 fidem
772 727 911 794 apud
945 725 1213 793 optimum
1248 725 1560 794 Principem
1595 763 1614 789 ,
1665 727 1809 795 quod

351 800 492 866 apud
512 800 682 852 malos
704 800 1025 853 detrahebat.
1057 799 1329 864 Quamvis,
1344 800 1491 852 enim
1509 799 1805 852 faceremus

352 888 471 940 quae
501 887 737 925 amantes
783 873 955 925 solent
980 911 995 937 ‚
1050 872 1133 924 illi
1171 887 1354 924 tamen-
1389 889 1510 926 non
1546 873 1723 925 amari
1755 873 1803 925 se

352 947 633 998 credebant
657 945 775 999 sibi.
812 947 982 1014 Super
1002 946 1116 998 haec
1134 945 1335 1014 precari
1352 946 1536 998 sumus
1559 965 1574 999 ι
1604 963 1660 996 ut
1673 946 1742 1012 fic
1760 961 1803 998 u

352 1035 566 1069 amarent
601 1019 671 1069 dii
702 1054 719 1075 ,
764 1021 1142 1086 quemadmodum
1175 1036 1227 1069 tu
1258 1038 1362 1071 nos.
1399 1018 1546 1086 Quis
1578 1018 1695 1071 hoc
1723 1034 1807 1072 aut

351 1092 418 1144 de
438 1091 527 1154 se,
562 1106 653 1143 aut
676 1090 912 1176 Principi
945 1092 1148 1146 diceret
1177 1093 1526 1145 mediocriter
1560 1093 1765 1144 amanti
1783 1096 1811 1147 ἓ*

356 1164 463 1218 Pro
497 1166 652 1217 nobis
684 1165 818 1234 ipsis
861 1165 1078 1234 quidem
1106 1167 1220 1217 haec
1271 1167 1374 1219 fuit
1395 1167 1611 1221 summa
1645 1182 1812 1219 voto-

354 1255 515 1302 rum,
546 1255 599 1288 ιιι
636 1257 723 1290 nos
751 1239 823 1306 fic
853 1255 1068 1290 amarent
1103 1241 1209 1297 dri,
1262 1242 1492 1308 quomodo
1539 1255 1618 1291 tu.
1650 1239 1809 1295 Estne

354 1328 547 1364 verum
572 1314 747 1381 quod
735 1326 875 1364 mter
893 1311 988 1364 ista
1009 1312 1389 1366 clamavimus.
1417 1315 1464 1366 0
1490 1332 1581 1365 nos
1591 1313 1813 1380 felices!

357 1385 507 1452 Quid
526 1385 673 1438 enim
694 1385 900 1439 felicius
932 1386 1129 1450 nobis,
1169 1387 1358 1456 quibus
1396 1404 1521 1439 non
1540 1386 1657 1452 jam
1680 1387 1811 1440 illud

357 1460 653 1526 optandum
686 1457 761 1510 est
786 1497 801 1523 ‚
839 1473 899 1510 ut
934 1476 1037 1511 nos
1070 1459 1252 1530 diligat
1286 1460 1540 1529 Princeps
1565 1499 1583 1524 ‚
1620 1461 1716 1514 sed
1743 1458 1815 1512 dii

358 1533 805 1600 quemadmodum
841 1531 1094 1602 Princeps
1134 1536 1157 1587 ἔ
1211 1534 1418 1586 Civitas
1456 1533 1818 1604 religionibus

297 1608 303 1615 '
358 1605 563 1670 dedita,
593 1605 904 1674 semperque
934 1609 1156 1659 deorum
1175 1607 1563 1677 indulgentiam
1595 1624 1815 1676 prome·

360 1678 501 1742 rita,
537 1678 672 1731 nihil
693 1679 964 1738 felicitatis
984 1679 1085 1731 sibi
1103 1696 1254 1749 putat
1271 1680 1462 1734 adstrui
1485 1679 1678 1750 poste,
1718 1678 1819 1734 nisi

362 1766 425 1805 ut
443 1752 519 1805 dii
540 1753 836 1805 Caesarem
822 1752 1121 1808 imitentur.

327 1873 389 1880 .-
436 1826 666 1879 LXXV.
697 1827 799 1879 Sed
818 1825 947 1911 quid
971 1826 1179 1898 singul-a
1197 1826 1478 1883 confeclor
1496 1829 1551 1881 δε
1572 1827 1785 1916 colligo
1798 1866 1815 1893 ,

361 1902 517 1970 quasi
535 1898 672 1952 vero
694 1915 786 1952 aut
802 1901 1050 1955 oratione
1078 1902 1409 1971 complesti
1432 1918 1525 1956 aut
1549 1903 1816 1956 memoria

362 1974 622 2043 consequi
652 1973 896 2042 possim,
928 1992 1046 2044 quae
1076 1993 1214 2039 vos,
1244 1975 1302 2028 P.
1327 1979 1391 2030 C.
1420 1994 1491 2029 ne
1514 1994 1625 2046 qua
1649 1977 1818 2030 inter

355 2047 568 2115 ,ciperet
585 2047 838 2108 oblivio,
875 2049 964 2101 &
953 2065 1012 2100 ιιι
1038 2049 1248 2117 publica
1277 2048 1389 2102 asta
1423 2051 1732 2112 mittenda,
1769 2052 1819 2103 δι

362 2120 681 2173 incidenda
666 2138 725 2173 ιιι
746 2139 849 2174 aere
876 2121 1175 2180 censuistis.
1162 2126 1191 2163 >
1210 2122 1351 2176 Ante
1370 2123 1653 2178 orationes
1673 2125 1819 2178 Prin·

361 2193 548 2261 cipum
574 2195 778 2247 tantum
814 2194 1076 2260 ejusmodi
1113 2213 1306 2265 genere
1333 2212 1822 2250 monumentorum

365 2268 607 2321 :mandari
628 2268 913 2321 aternitati
943 2269 1227 2323 solebant.
1259 2271 1677 2323 acclamationes
1714 2270 1820 2340 qui·

365 2343 490 2394 dem
514 2340 702 2394 nostrae
720 2342 1010 2410 parietibus
1047 2341 1204 2395 curiae
1234 2346 1628 2397 claudebantur.
1660 2346 1823 2396 Erant

369 2415 550 2477 enim,
583 2414 773 2488 quibus
792 2431 891 2468 nec
911 2417 1118 2468 senatus
1140 2416 1393 2486 gloriari,
1419 2434 1518 2470 nec
1538 2417 1819 2486 Principes

365 2487 599 2557 poffent.
626 2488 736 2541 Has
757 2487 896 2542 vero
921 2490 1008 2541 δι’
994 2506 1053 2541 ιιι
1073 2492 1269 2561 vulgus
1298 2491 1478 2555 exire,
1485 2492 1570 2543 -&
1593 2492 1819 2559 posteris

371 2561 529 2631 prodi
562 2600 577 2624 ‚
632 2577 797 2631 quum
851 2580 948 2615 ex
979 2563 1250 2627 utilitate,
1297 2579 1412 2617 tum
1447 2581 1521 2615 ex
1558 2565 1821 2635 dignitate

372 2635 583 2705 publica
612 2635 743 2692 fuit·
733 2672 748 2696 ,
780 2636 1015 2704 primum
1048 2652 1108 2688 ur
1142 2638 1287 2691 orbis
1317 2652 1581 2690 terrarum
1604 2637 1819 2705 pietatis

370 2708 564 2762 uostrae
594 2710 922 2762 adhiberetur
944 2708 1088 2762 testis
1121 2712 1174 2763 &
1209 2711 1454 2764 conscius
1482 2729 1499 2771 ;
1534 2712 1731 2763 deinde
1762 2725 1819 2763 ut

374 2782 706 2836 manifestum
743 2781 870 2835 effet
908 2785 1098 2837 audere
1129 2801 1231 2837 nos
1271 2787 1336 2837 de
1362 2784 1522 2837 bonis
1558 2784 1817 2851 malisque

375 2851 713 2926 Principibus
748 2867 863 2910 non
917 2858 1125 2912 tantum
1163 2857 1282 2927 post
1327 2858 1473 2927 ipsos
1522 2857 1765 2925 iudicare
1800 2873 1819 2914 3
