1951 3720
338 246 481 353 376
597 244 1496 331 ‚PANEGrate-va*

329 360 548 431 tamen,
579 365 725 436 quod
754 365 875 420 talis
907 383 1003 432 es,
1039 381 1101 419 ut
1129 365 1221 419 sub
1257 382 1312 419 te
1346 367 1548 420 liberos
1590 366 1784 422 tollere

330 439 530 503 libeat,
564 441 829 510 expediat.

403 514 644 569 XXVII..
679 517 857 567 Nemo
895 513 1003 579 iam
1041 531 1231 584 parens
1268 511 1435 580 filio
1470 512 1581 567 nisi
1617 514 1783 584 fragi-

328 584 499 641 litatis
538 591 780 640 humanae
819 588 974 642 vices
1003 591 1222 647 borret3
1256 605 1359 641 nec.
1394 589 1534 641 inter
1569 587 1777 640 insana-

328 659 463 715 biles
501 663 719 714 morbos
744 661 1008 731 Principis
1041 662 1118 714 ira
1153 677 1476 731 numeratur.
1513 661 1782 730 Magnum

329 734 548 818 quidem
586 735 660 788 est
697 737 952 788 educandi
989 736 1434 799 incitamentum,
1474 736 1670 787 tollere
1711 735 1785 786 li·

328 807 487 861 beros
526 809 583 860 in
619 810 770 876 spem
813 810 1227 871 alimentorum,
1270 809 1328 860 in
1370 808 1517 876 spem
1555 807 1781 876 congia-

327 879 575 934 riorum·
567 917 581 939 ‚
622 880 791 946 majus
835 898 1023 934 tamen
1058 881 1121 933 in
1163 882 1311 949 spem
1359 882 1667 939 libertatis
1725 881 1789 933 in

327 953 479 1022 spem
533 955 846 1008 securitatis.
917 957 1094 1025 Atque
1152 956 1286 1008 adeo
1335 954 1469 1006 nihil
1524 950 1781 1024 largiatur

325 1025 581 1095 Princeps
605 1067 621 1091 ,
661 1030 785 1080 dum
836 1027 971 1080 nihil
1022 1027 1260 1087 auferat·,
1295 1045 1416 1080 ιιοιι
1454 1029 1561 1079 alat
1582 1066 1597 1090 ‚
1649 1030 1785 1080 dum

323 1116 441 1153 non
474 1102 719 1161 occidat,
702 1121 713 1131 ·
757 1118 859 1154 nec
891 1104 1113 1154 deerunt
1159 1101 1253 1170 qui
1300 1100 1446 1153 filios
1496 1101 1779 1169 concupis-

324 1189 466 1227 cant.
513 1174 715 1227 Contra
749 1174 1001 1244 largiatur
1039 1176 1093 1226 δι
1123 1175 1367 1238 auferat,
1395 1177 1505 1226 alat
1541 1176 1595 1226 δι
1632 1173 1781 1227 occi·

324 1248 451 1320 dat,
495 1265 577 1300 nae
626 1249 720 1301 ine
767 1247 872 1312 jam
913 1251 1071 1302 brevi
1107 1263 1352 1316 tempore
1392 1247 1636 1300 effecerit
1662 1288 1679 1312 ,
1723 1262 1783 1301 ut

325 1315 522 1379 ornnes
552 1339 670 1374 non
704 1321 1038 1407 posterorum
1074 1319 1286 1385 ιιιοάὸ
1318 1321 1407 1374 sed
1453 1322 1534 1372 sui
1579 1339 1778 1407 paren-

324 1407 549 1464 tumque
576 1396 864 1464 poeniteat..
898 1395 1170 1462 Quocirca
1204 1393 1341 1447 nihil
1378 1395 1575 1463 magis
1590 1395 1654 1447 ιιι
1692 1410 1785 1448 tua

323 1480 440 1520 tota
467 1469 783 1529 liberalitate
805 1469 1178 1532 laudaverim
1203 1485 1365 1539 quam
1382 1467 1526 1537 qued
1550 1468 1777 1538 congia-

323 1540 468 1594 tium
497 1542 586 1594 das
617 1544 680 1596 de
709 1557 806 1595 tuo
833 1581 847 1606 ‚
895 1543 1146 1595 alimenta
1181 1544 1245 1595 de
1281 1556 1418 1594 tuo:
1451 1558 1628 1611 neque
1661 1560 1692 1593 a
1723 1557 1781 1595 te

322 1613 479 1668 liberi
524 1616 766 1679 civium,
802 1631 862 1668 ut
897 1616 1125 1677 ferarum
1168 1614 1371 1679 catuli,
1415 1615 1675 1685 sanguine
1727 1617 1783 1668 δι

322 1689 560 1757 caedibus
605 1689 914 1742 nutriuntur
940 1708 953 1741 :
988 1691 1239 1758 quodque
1274 1687 1656 1761 ,gratissimum
1706 1687 1778 1741 est

321 1762 763 1831 accipientibus,
765 1807 770 1813 .
813 1765 988 1815 sciunt
1033 1761 1144 1815 dari
1193 1761 1301 1814 sibi
1329 1801 1355 1826 ,
1385 1765 1534 1830 quod
1569 1761 1781 1816 nemini.

322 1834 398 1888 est
433 1853 719 1905 ereptum,
752 1836 1205 1906 locupletatisque
1225 1851 1336 1890 tam
1376 1836 1611 1901 multis,
1640 1854 1776 1906 pau-

320 1910 591 1978 periorem
614 1910 717 1963 effe
753 1911 945 1963 fastum
970 1911 1274 1984 Principem
1296 1926 1541 1985 tantum·
1575 1928 1772 1979 quam·

322 2000 481 2053 quam
518 2001 616 2036 nec
664 1985 806 2036 hunc
839 1975 1106 2053 quidem:
1134 2001 1273 2036 nam
1294 1981 1442 2060 cujus
1488 1983 1566 2036 est
1600 1985 1779 2054 quid·

272 2105 275 2109 ,
322 2056 452 2126 quid
483 2058 560 2110 est
584 2057 867 2126 omnium,
899 2073 1106 2111 tantum
1142 2057 1256 2126 ipse
1289 2074 1549 2132 quantum
1580 2075 1773 2114 omnes

319 2129 498 2185 habet.

395 2202 821 2260 XXV111.A1i<·›
843 2222 929 2258 me
957 2220 1122 2259 vocat
1139 2177 1420 2259 numerosa
1442 2204 1626 2277 gloria
1647 2221 1775 2261 tua:

321 2276 460 2336 alic>
490 2282 712 2333 autem?
761 2278 912 2349 quasi
965 2278 1104 2334 veri>
1154 2279 1262 2347 jam
1309 2280 1433 2334 satis
1481 2297 1776 2336 veneratus

321 2351 662 2421 miratusque
682 2352 782 2405 sim
810 2393 832 2417 ,
870 2350 1025 2421 qubd
1063 2368 1264 2406 tantam
1309 2353 1609 2422 pecuniam
1641 2371 1771 2422 pro·b

320 2424 530 2490 fudisti,
567 2443 680 2479 non
707 2442 767 2479 ut
802 2426 996 2495 flagitii
1034 2426 1137 2479 tibi.
1166 2426 1409 2481 conscius
1441 2428 1504 2479 ab
1542 2426 1772 2480 inseEia-

321 2498 475 2553 tione
511 2497 626 2564 ejus
666 2516 932 2553 averteres
969 2500 1200 2553 famam·
1189 2536 1206 2559 ,
1237 2517 1336 2553 nec
1367 2514 1434 2553 ut
1462 2499 1641 2553 tristes
1678 2504 1769 2554 ho-

320 2565 532 2630 minum
581 2567 900 2646 moestosque
956 2573 1235 2648 sermones
1285 2571 1492 2627 Iaetiote
1546 2573 1768 2628 materia

320 2646 612 2701 detineres,
621 2649 842 2708 Nullam
862 2643 1139 2717 congiario
1163 2649 1652 2732 culpam‚nu11am
1680 2648 1772 2701 ali·

322 2720 520 2773 mentis
545 2722 913 2775 crudelitatem
945 2721 1247 2774 redemisti.
1286 2739 1384 2775 nec
1413 2721 1514 2776 tibi
1551 2722 1766 2775 benefa-

322 2792 498 2846 ciendi
535 2794 636 2847 fuit
671 2796 855 2859 causa,
876 2809 936 2848 ut
960 2813 1079 2864 quat
1111 2789 1252 2849 male
1271 2796 1505 2859 feceras,
1539 2794 1769 2864 impune

322 2866 562 2941 §ecifi'esz
598 2886 748 2923 amor
782 2868 1061 2939 impendio
1105 2868 1245 2935 isto..
1280 2887 1400 2924 ιιοιι
1422 2869 1591 2944 venia
1627 2887 1774 2942 qpaer
