1951 3720
345 320 434 409 76
690 318 747 385 C
765 333 818 386 Α
849 331 886 385 1
911 334 951 384 I
1026 317 1086 385 Ρ
1111 334 1157 385 L
1185 335 1220 386 1
1248 334 1311 386 N
1337 334 1376 384 Ι
1404 331 1445 384 1

338 456 466 491 vere
489 479 505 503 ,
525 437 887 507 relinquamus
906 437 1105 506 aliquid
1126 477 1141 501 ,
1166 455 1275 506 quo
1299 455 1400 491 nos
1424 435 1621 490 vixiss‘e
1640 436 1786 491 teste·

344 530 479 564 mur.
519 511 645 564 Scio
679 527 731 565 te
764 511 988 564 stimulis
1027 528 1138 563 non
1170 528 1356 581 egere3
1387 528 1473 562 me
1498 526 1677 563 tamen
1708 512 1786 564 tui
1816 523 1821 524 ’

343 585 531 638 caritas
557 601 748 638 evocat
769 624 784 648 ‚
822 600 882 637 ut
911 600 1214 637 currentem
1253 601 1466 653 quoque
1504 583 1750 654 instigem
1769 623 1785 647 ‚

346 659 484 712 sicut
511 674 567 711 tu
590 659 728 710 soles
761 675 864 712 me.
897 654 1097 729 A'yaeoi,
1121 654 1164 714 δ’
1185 659 1281 732 ’ἔρις
1300 697 1320 722 ,
1364 674 1527 725 quum
1554 658 1788 709 invicem

345 740 398 791 se
424 737 622 790 mutuis
647 737 1114 789 exhortationibus
1147 736 1306 788 amici
1326 738 1390 789 ad
1412 752 1654 791 amorem
1687 735 1789 787 im·

346 811 688 864 mortalitatis
726 826 1009 863 exacuunt.
1049 811 1205 864 Vale.

365 934 549 985 VIII.
590 933 921 984 Pin-uus
962 931 1492 993 Tam-rounam
1536 942 1681 983 suo
1720 930 1775 984 S.

386 1056 693 1108 Tribunatum
724 1052 955 1104 Suetonio
997 1053 1327 1119 impetratum,
1368 1048 1469 1119 ipso
1510 1065 1710 1118 petente
1739 1083 1760 1107 ,

545 1148 593 1197 in
624 1147 871 1212 Silvanum
892 1143 947 1213 se
987 1145 1316 1213 translaturum
1348 1144 1608 1215 signficat-

355 1257 581 1350 FAC1s
620 1311 720 1363 pro
751 1310 924 1347 cetera
955 1291 1256 1346 reverentia
1298 1307 1453 1361 quam
1487 1291 1622 1345 mihi
1661 1309 1800 1361 prae-

353 1370 490 1432 stas,
528 1367 674 1437 quod
703 1382 811 1419 tam
858 1366 1089 1419 sollicite
1139 1365 1316 1433 petis,
1364 1379 1425 1416 ut
1470 1365 1799 1419 tribunatum

356 1459 515 1511 quem
539 1460 567 1493 a
601 1442 823 1493 Neratio
848 1442 1144 1501 Marcelle,
1170 1438 1469 1490 clarissimo
1492 1438 1616 1491 viro
1639 1479 1654 1503 ‚
1700 1440 1802 1491 im-

355 1531 566 1585 petravx
586 1514 722 1579 t1b1
757 1515 816 1566 in
853 1514 1187 1566 Caesennium
1217 1513 1534 1574 Silvanum,
1573 1513 1800 1581 propin-

359 1606 523 1658 quum
547 1604 697 1640 tuum
717 1588 1043 1641 transferam.
1082 1586 1226 1637 Mihi
1254 1601 1430 1638 autem
1454 1584 1590 1637 sicut
1611 1584 1803 1651 jucun-

359 1663 679 1726 dissimum,
712 1662 886 1730 ipsum
923 1676 975 1714 te
1012 1660 1282 1712 tribunum
1307 1699 1322 1723 ‚
1366 1659 1440 1711 ita
1468 1676 1581 1712 non
1620 1660 1805 1712 minus

362 1751 605 1807 gratum,
638 1735 802 1788 alium
830 1753 925 1804 per
955 1749 1011 1786 te
1045 1734 1248 1785 videre.
1269 1734 1490 1808 Neque
1525 1731 1679 1785 enim
1706 1732 1806 1786 effe

362 1827 660 1894 congruens
682 1809 941 1873 arbitror,
973 1824 1134 1878 quem
1160 1823 1349 1876 augere
1381 1806 1683 1859 honoribus
1716 1824 1807 1859 cu-

363 1885 478 1953 pias
519 1925 533 1946 ‚
578 1884 703 1936 huic
746 1883 962 1952 pietatis
1005 1882 1179 1934 titulis
1232 1880 1509 1944 invidere,
1548 1881 1644 1950 qui
1690 1881 1808 1934 sunt

365 1959 615 2025 omnibus
650 1957 945 2009 honoribus
982 1955 1331 2039 puIchriox-es.
1383 1955 1560 2006 Video
1605 1954 1806 2020 etiam,

366 2050 530 2101 quum
556 2033 625 2083 sit
648 2031 918 2100 egregium
957 2030 1010 2080 ὅ(
1046 2028 1238 2081 mereri
1260 2025 1515 2080 beneficia
1558 2028 1609 2079 &
1648 2031 1806 2088 dare‘,

377 2122 655 2175 utramque
676 2120 727 2156 te
750 2105 956 2156 laudem
978 2103 1138 2154 simul
1158 2100 1534 2163 affecuturum,
1559 2101 1637 2164 si,
1668 2102 1811 2170 quod

368 2179 480 2248 ipse
531 2177 802 2241 meruisti,
840 2176 930 2227 alii
962 2176 1178 2228 tribuas.
1226 2174 1483 2227 Praeterea
1519 2139 1769 2244 intelligo
1793 2213 1811 2238 ,

370 2253 506 2306 mihi
550 2268 762 2321 quoque
800 2248 983 2320 gloriae
1017 2251 1169 2311 fore,
1208 2248 1253 2300 si
1291 2266 1361 2300 ex
1396 2249 1501 2299 hoc
1534 2262 1633 2300 tuo
1671 2248 1811 2300 faeie

368 2344 483 2379 non
516 2326 675 2377 fuerit
719 2324 1005 2392 ignotum,
1050 2322 1252 2374 amicos
1294 2339 1445 2373 meos
1478 2338 1589 2373 non
1629 2338 1814 2390 gerere

368 2400 575 2452 tantum
625 2398 915 2450 tribunatus
958 2395 1105 2465 poss‘e
1136 2435 1152 2459 ,
1212 2397 1400 2447 verum
1447 2394 1611 2446 etiam
1670 2397 1812 2447 dare.

376 2476 556 2540 Quare
611 2489 712 2542 ego
763 2469 899 2523 vero
953 2468 1338 2522 honestissimae
1393 2469 1666 2520 voluntati
1711 2484 1812 2520 tuae

373 2563 579 2617 pare03
616 2562 786 2614 neque
837 2544 981 2596 enim
1022 2543 1187 2595 adhuc
1224 2560 1425 2595 nomen
1465 2542 1521 2592 in
1557 2558 1813 2594 numeros

372 2623 595 2673 relatum
640 2618 754 2671 est·
745 2656 759 2678 ,
801 2618 1029 2686 ideoque
1070 2617 1297 2668 liberum
1340 2615 1412 2668 est
1443 2614 1598 2666 nobis
1637 2614 1812 2666 Silva-

373 2711 504 2747 num
546 2694 605 2745 in
644 2696 825 2746 locum
864 2706 1014 2743 tuum
1055 2690 1270 2743 subdere
1307 2710 1320 2744 z
1368 2688 1454 2741 cui
1499 2687 1662 2756 cupio
1706 2704 1814 2738 tam

378 2782 583 2837 gratum
614 2765 717 2823 ess‘e
753 2783 943 2819 munus
974 2780 1157 2831 tuum,
1193 2781 1351 2834 quam
1381 2760 1480 2816 tibi
1511 2778 1691 2814 meum
1723 2759 1814 2814 est.

377 2843 532 2901 Vale.
