1951 3720
336 206 487 291 {420
648 201 1469 276 PANEGrntcvs

333 339 432 375 nec
455 322 694 392 ipsorum
717 324 881 379 modo
901 325 1017 379 vita
1044 343 1074 377 a
1104 339 1159 379 te
1178 365 1194 389 ‚
1225 327 1315 379 sed
1343 324 1611 391 judicium
1639 326 1770 387 sena-J

331 396 418 448 tus
439 400 880 466 comprobabatur
900 436 915 461 ,
959 398 1244 468 ornarique
1266 400 1320 452 se
1341 438 1357 464 ,
1388 416 1506 452 non
1525 400 1656 454 illos
1675 418 1776 455 ma·

331 469 416 539 gis
437 487 574 538 quos
592 473 834 524 laudabas
856 510 869 534 ‚
899 474 1189 526 laetabatut.

405 544 630 598 LXXII.
662 547 801 597 Nam
834 547 980 614 quod
1015 561 1255 616 precatus
1291 561 1348 599 es
1372 585 1397 610 ,.
1429 559 1491 598 nt
1533 545 1632 598 illa
1670 545 1776 614 ipsa

329 616 604 670 ordinatio
653 618 1002 671 comitiorum
1058 621 1178 670 bene
1218 638 1273 669 ac
1314 619 1541 686 feliciter
1572 621 1775 671 eveniret

329 691 468 740 nobis
487 723 502 749 ,
545 692 814 759 reipublicae.
843 725 859 750 ‚
905 693 996 742 tibi
1018 729 1035 749 ,
1071 709 1252 744 nonne
1285 694 1389 744 tale
1428 693 1505 743 est
1529 730 1546 755 ‚
1585 706 1650 743 ut
1680 708 1775 744 nos

328 763 474 816 hunc
513 765 757 816 ordinem
795 780 1056 817 votorum
1090 780 1409 819 convertere
1443 766 1731 817 deheamus
1753 766 1778 817 ἓ

329 837 462 891 deos
498 836 725 906 denique
762 839 1033 891 obsecrare
1059 877 1076 902 ‚
1124 852 1185 890 ut
1220 837 1404 890 omnia
1444 855 1569 906 quae
1608 836 1737 890 facis
1756 875 1775 902 ,

330 925 556 978 quaeque
594 910 753 964 facies
780 951 796 975 ,
843 910 1096 980 prospere
1137 912 1323 962 cedant
1361 910 1457 963 tibi
1489 949 1506 973 ,
1568 910 1774 978 reipub,

329 983 525 1037 nobis?
546 985 665 1047 vel,
690 984 737 1036 si
755 984 969 1037 brevius
987 984 1067 1037 rsit
1086 985 1376 1051 optandum
1402 1021 1417 1045 ‚
1446 999 1511 1036 ur
1525 983 1625 1034 uni
1646 983 1739 1037 tibi
1755 1022 1775 1049 ‚

329 1053 390 1106 in
420 1072 530 1124 quo
563 1057 617 1108 &
641 1059 847 1126 respub.
881 1058 935 1109 δε
971 1074 1074 1110 nos
1107 1058 1333 1110 sumus?
1371 1056 1494 1108 Fuit
1524 1070 1736 1125 tempus
1755 1095 1773 1121 ,

328 1144 391 1180 ac
420 1129 650 1183 nimium
678 1130 769 1182 diu
804 1130 905 1184 fuit
925 1168 940 1192 ‚
993 1148 1102 1198 quo
1134 1129 1236 1182 alia
1265 1130 1483 1182 adversa
1506 1168 1526 1193 ,
1565 1131 1674 1182 alia
1697 1131 1774 1183 se-

327 1203 499 1254 cunda
538 1202 774 1271 Principi
822 1204 875 1256 &
912 1203 1068 1256 nobis
1099 1223 1114 1256 ε
1155 1218 1295 1255 nunc
1332 1202 1650 1265 communia
1681 1203 1773 1256 tibi

326 1275 607 1329 nobiscum
629 1290 739 1330 tam
761 1279 881 1331 laeta
903 1276 1063 1345 quam
1094 1275 1258 1328 tristia
1277 1294 1295 1335 ·‚
1337 1291 1436 1328 nec
1458 1277 1640 1346 magis
1659 1277 1772 1330 sine

327 1363 382 1408 te
404 1364 505 1402 nos
543 1349 650 1402 effe
688 1350 869 1404 felices
891 1388 906 1414 ‚
944 1349 1103 1419 quam
1145 1365 1204 1401 tu
1243 1349 1361 1403 sine
1403 1350 1561 1401 nobis
1596 1365 1773 1421 potest

327 1421 415 1474 An
438 1421 486 1473 si
507 1421 681 1489 poffes
707 1462 727 1486 ,
761 1424 822 1475 in
843 1422 960 1477 fine·
977 1438 1239 1481 votorum
1258 1420 1525 1487 adjecifl‘es
1552 1461 1575 1487 ,
1615 1439 1673 1473 ut
1706 1424 1774 1474 ita

279 1540 298 1547 t
325 1496 542 1565 precibus
570 1497 664 1546 tuis
697 1497 770 1546 dii
794 1512 1094 1560 annuerent,
1126 1497 1174 1562 fi
1197 1497 1426 1563 judicium
1445 1498 1658 1558 nostrum
1676 1514 1776 1547 me-

327 1569 426 1618 reri
450 1567 829 1637 perferet-offex?
866 1570 1018 1623 Adeo
1049 1568 1187 1621 nihil
1221 1568 1320 1621 tibi
1351 1585 1537 1621 amore
1565 1567 1774 1627 civium

326 1641 599 1710 antiquius
624 1680 640 1707 ,
668 1658 728 1695 ut
746 1639 868 1694 ante
900 1659 930 1694 a
949 1643 1105 1695 nobis
1130 1680 1146 1705 ‚
1179 1641 1367 1694 deinde
1387 1658 1416 1692 a
1437 1641 1543 1697 diis
1564 1681 1582 1704 ,
1616 1656 1775 1711 atque

325 1713 405 1766 ita
423 1717 485 1768 ab
505 1715 614 1769 iuis
633 1718 796 1770 amari
818 1715 956 1768 velis
977 1755 994 1779 ‚
1026 1715 1072 1767 si
1094 1732 1125 1768 a
1145 1714 1300 1767 nobis
1325 1715 1540 1767 ameris.
1562 1715 1632 1766 Et
1650 1715 1775 1769 sani:

323 1788 570 1857 priorum
593 1789 897 1858 Principum
918 1788 1103 1842 exitus.
1115 1788 1297 1841 docuit
1315 1826 1331 1853 ,
1363 1804 1430 1840 ne
1467 1805 1498 1840 a
1520 1787 1627 1841 diis
1652 1789 1777 1858 qui-

319 1863 448 1916 dem
465 1864 629 1918 amari
656 1904 672 1928 ‚
706 1865 812 1918 nisi
853 1880 991 1933 quos
1024 1862 1272 1915 homines
1302 1877 1501 1917 ament.
1528 1863 1776 1917 Arduum

319 1951 439 1990 erat
472 1937 565 1989 has
612 1938 945 2006 precationes
998 1951 1114 1988 tuas
1162 1936 1402 1988 laudibus
1441 1937 1725 2005 adaequare
1757 1955 1774 1990 :

319 2010 719 2079 ,adaequavimus
739 2026 934 2065 tamen.
979 2010 1089 2076 Qui
1114 2008 1312 2062 amoris
1332 2011 1488 2061 ardor
1511 2047 1536 2070 5
1561 2009 1656 2079 qui
1679 2009 1777 2063 sti-

317 2083 487 2145 muli,
520 2101 635 2152 quae
656 2085 795 2138 faces
825 2083 948 2138 illas.
973 2083 1136 2135 nobis⁴
1159 2082 1571 2136 acclamationes
1597 2082 1778 2147 subje-

321 2171 513 2209 cerunt
543 2160 568 2210 ἓ
617 2159 744 2209 Non
778 2156 941 2208 nostri
961 2195 983 2219 ,
1014 2156 1187 2208 Caesar
1206 2194 1226 2219 ,
1263 2155 1469 2225 ingenii
1494 2194 1514 2219 ‚
1548 2156 1642 2208 sed
1667 2170 1775 2210 tuae

322 2227 543 2282 virtutis
582 2246 903 2298 tuorumque
953 2229 1266 2282 meritorum
1302 2244 1470 2281 voces
1511 2229 1737 2281 fuerunt
1756 2269 1774 2296 ,

324 2317 455 2368 quas
486 2304 632 2355 nulla
662 2319 914 2372 umquam
936 2301 1170 2354 adulatio
1203 2301 1416 2353 invenit
1433 2340 1450 2365 ‚
1482 2303 1665 2353 nullus
1686 2319 1777 2355 cu·

314 2374 558 2445 {usquam
594 2391 767 2429 terror
805 2374 1088 2445 expressit.
1125 2376 1302 2441 Quem
1325 2374 1404 2427 sic
1441 2373 1732 2428 timuimus
1756 2416 1775 2440 ,

318 2463 385 2502 ut,
417 2451 533 2503 haec
576 2448 896 2519 fingeremus
925 2452 946 2503 ἓ
1004 2465 1162 2517 quem
1201 2448 1277 2500 sic
1315 2447 1615 2500 amavimus
1642 2487 1658 2512 ,
1712 2463 1776 2502 ut

320 2524 433 2576 haec
475 2523 758 2580 fateremur
789 2526 810 2576 ἓ
866 2521 1018 2575 Nosti
1054 2521 1425 2580 necessitatem
1463 2522 1775 2577 servitutis.

316 2598 604 2666 Ecquando
667 2597 842 2650 simile
899 2594 1104 2665 aliquid·
1159 2592 1342 2647 audisti
1379 2596 1403 2647 ἓ
1474 2595 1774 2663 Ecquando

317 2669 498 2724 dixisti
532 2672 556 2724 ἓ
608 2669 1036 2737 Multa-quidem
1072 2667 1345 2735 excogitat
1380 2680 1560 2719 metus
1596 2706 1623 2730 ,,
1675 2668 1772 2720 sed

317 2761 436 2813 quae
469 2759 753 2813 appareant
781 2741 1004 2811 quaesita
1027 2742 1088 2793 ab
1110 2740 1301 2793 invitis
1332 2758 1347 2791 ε
1381 2740 1522 2802 aliud
1553 2739 1767 2794 sollici·

316 2817 519 2873 tudinis
557 2856 580 2885 ‚
628 2817 783 2884 aliud,
816 2814 1112 2877 securitatis
1156 2813 1432 2887 ingenium
1466 2812 1539 2870 est
1578 2832 1594 2867 z
1646 2812 1766 2880 alia
