1951 3720
289 315 774 388 Tan-mro
850 326 1282 390 Dtcrv'S.
1385 342 1532 415 407

65 436 230 500 scio:
258 436 419 491 illum
456 439 815 505 exercitibus,
839 441 994 494 illum
1019 441 1355 511 provinciis,
1384 442 1537 496 illum

66 513 246 566 etiam
294 512 500 565 exteris
543 516 788 583 gentibus
823 517 1030 584 poteris
1068 516 1330 585 imputare
1367 534 1384 575 ·‚
1425 533 1542 569 non

68 601 238 656 potes
295 587 476 639 nobiS.
514 589 835 641 Audivimus
877 589 1093 658 quidem
1131 605 1185 641 te
1231 606 1393 642 omne
1429 607 1545 643 mu·
1626 582 1632 589 ’

69 677 173 712 nus
207 661 456 712 consulis
491 660 711 726 obiisse,
737 663 826 714 sed
856 663 1177 715 audivimus.
1203 663 1416 715 Diceris
1438 662 1545 728 jus·

69 733 370 803 tissimum,
401 734 855 800 humanissimus,
890 736 1315 805 patientissimus
1346 735 1497 791 fuifi'e
1522 774 1540 801 ,
1622 753 1629 762 ’

73 809 167 860 sed
205 806 414 859 diceris
449 826 464 860 ε
509 825 720 878 aequum
766 808 840 861 est
879 809 1166 878 aliquando
1205 826 1307 862 nos
1343 808 1546 873 iudicio

73 879 273 933 nostro
310 920 325 944 ,
375 879 567 933 nostris
614 882 786 934 oculis
814 922 829 946 ‚
880 900 993 934 non
1039 885 1190 936 famae
1236 882 1445 951 semper
1491 883 1547 935 δε

75 954 401 1007 rumoribus
449 956 676 1007 credere.
718 956 1014 1027 Quousque
1058 957 1296 1008 absentes
1339 959 1403 1007 de
1452 956 1546 1008 ab·

75 1028 232 1080 sente
283 1028 677 1098 gaudebimus?
707 1029 890 1082 Liceat
941 1029 1177 1098 experiri
1224 1046 1292 1081 an
1344 1028 1560 1097 aliquid>

79 1102 357 1172 superbiae
387 1102 486 1154 tibi
520 1102 611 1154 ille
640 1103 751 1170 ipse
771 1103 1036 1155 secundus
1076 1103 1378 1155 consulatus
1413 1113 1559 1155 attu-

77 1176 229 1229 lerit.
280 1176 524 1227 Multum
566 1177 624 1227 in
664 1177 1053 1228 commutandis
1095 1176 1334 1228 moribus
1373 1176 1551 1228 homi-

79 1265 220 1301 num
265 1248 478 1300 medius
513 1265 683 1301 annus
716 1253 912 1312 valet,
961 1249 1020 1301 in
1061 1248 1367 1317 Principum
1401 1253 1547 1318 plus‘.

80 1322 405 1375 Didicirnus
436 1321 650 1390 quidem
675 1360 694 1385 .,
716 1323 803 1377 cui
827 1323 1002 1375 virtus
1026 1322 1202 1391 aliqua
1233 1323 1511 1392 contingat
1529 1360 1547 1387 ,

81 1396 287 1448 omnes
322 1395 484 1448 inesse
510 1414 523 1448 t
550 1397 793 1464 cupimus
824 1410 1005 1448 tamen
1035 1395 1270 1469 experiri
1307 1400 1374 1448 an
1404 1413 1549 1450 minc

81 1485 316 1539 quoque
359 1485 464 1520 una
498 1472 787 1540 eademque
819 1487 901 1522 res
938 1469 1010 1522 sit
1030 1508 1047 1532 ,
1074 1471 1247 1522 bonus
1272 1470 1469 1522 'consul
1493 1471 1550 1522 &

79 1545 273 1597 honus
316 1542 587 1611 Princeps,
629 1546 769 1595 Nam
816 1559 1008 1611 praeter
1055 1543 1111 1595 id
1159 1545 1304 1612 quod
1346 1542 1420 1595 est
1460 1560 1560 1594 ›ar-

83 1619 263 1670 duum
288 1655 305 1680 ‚
343 1619 473 1669 duas
505 1655 521 1679 ‚
568 1618 758 1686 easque
809 1617 967 1669 simul
1016 1630 1203 1685 capere
1258 1615 1549 1685 potestates

83 1691 337 1743 summas
357 1730 373 1753 ,
393 1703 508 1741 tum
539 1689 671 1742 inest
699 1690 912 1759 utrique
942 1692 1201 1743 nonnulla
1229 1690 1510 1742 diversitas
1532 1728 1551 1753 ‚

85 1781 269 1834 quum
312 1763 614 1832 Principem
650 1763 810 1832 quam
846 1764 1184 1816 simillimum
1224 1761 1327 1815 effe
1367 1762 1563 1832 priva-‘

87 1851 193 1903 to,
223 1834 501 1891 consulem
542 1854 701 1907 quam
736 1837 1155 1891 dissimillimum
1187 1838 1385 1891 deceat.
1541 1846 1546 1854 '

167 1912 298 1965 Lx.
334 1913 509 1980 Atque
545 1928 650 1981 ego
685 1912 851 1964 video
891 1911 1149 1984 proximo
1191 1923 1333 1964 ann'o
1369 1911 1557 1976 consu·

89 1987 245 2039 latfis
266 1985 540 2038 recusandi
560 1987 696 2038 hanc
711 1985 1039 2060 praecipuam
1069 1983 1220 2038 suiss'e
1250 1985 1515 2037 rationem
1537 1993 1559 2049 ,’

30 2108 36 2117 ,
91 2059 278 2129 qubd
289 2076 415 2112 eum
455 2059 639 2112 absens
670 2076 854 2129 gerere
893 2076 1009 2111 non
1051 2059 1411 2126 poteraszse'd
1445 2057 1556 2124 jam

91 2135 226 2186 urbi
259 2133 518 2201 votisque
546 2132 774 2201 publicis
808 2133 1080 2195 redditus,
1106 2133 1234 2200 quid
1269 2131 1379 2183 est
1365 2145 1423 2184 in
1445 2139 1561 2201 quo*

94 2207 281 2277 magis
327 2206 401 2259 sis
438 2207 873 2278 approbaturus„
918 2223 1035 2274 quae
1089 2217 1388 2291 quantaque
1441 2203 1561 2259 fue-⁴
1634 2261 1640 2267 ,

95 2281 220 2333 rint
260 2297 381 2350 quae
421 2281 887 2334 desiderabamus?
929 2280 1119 2331 Parum
1148 2278 1235 2332 est
1265 2294 1325 2331 ut
1371 2277 1429 2330 in
1462 2296 1558 2332 cu-

94 2356 245 2408 riam
273 2353 502 2418 venias,
522 2353 630 2407 nisi
662 2355 716 2407 &
747 2369 1059 2406 convoces·
1047 2386 1063 2411 ,
1086 2366 1147 2404 ut
1178 2353 1391 2405 intersis
1419 2354 1563 2406 sena-

99 2430 188 2481 tui
212 2455 229 2492 ‚⁴
254 2428 364 2481 nisi
404 2429 457 2480 &
478 2427 761 2497 praesideas
783 2446 800 2487 ς
819 2441 880 2478 ut
910 2426 1183 2479 censentes
1214 2427 1392 2479 audias
1413 2465 1429 2487 ‚
1453 2426 1564 2480 nisi

94 2504 161 2555 ’δι
201 2518 482 2572 pei-roges.
522 2501 625 2554 Vis
659 2501 791 2553 illud
824 2499 1257 2570 augustissimum,
1283 2500 1562 2553 consulum

99 2577 406 2646 aliquando
436 2575 664 2628 tribunal
710 2573 965 2639 majestati
1010 2573 1115 2625 suae
1138 2575 1373 2627 “reddere
1410 2576 1431 2628 ?
1470 2575 1562 2627 ad-

100 2650 322 2704 scende.
355 2648 462 2702 Vis
491 2648 727 2701 constare
760 2647 1117 2700 reverentiam
1148 2647 1528 2717 magistratibus
1542 2685 1561 2710 ‚

99 2723 323 2793 legibus
365 2720 736 2775 austeritatem
759 2761 773 2785 ‚
798 2720 1107 2773 modestiam
1138 2720 1518 2790 postulantibus
1539 2724 1563 2773 ἓ

104 2799 213 2850 adi.
240 2797 411 2863 Quod
423 2793 578 2867 *enim
604 2793 870 2848 interefl'et
900 2794 1034 2863 reip.
1061 2794 1108 2847 si
1136 2794 1381 2864 privatus
1399 2794 1528 2847 effes
1544 2833 1562 2858 ,

104 2871 398 2923 consulem
430 2884 484 2922 te
514 2871 730 2923 haberet
766 2869 971 2922 tantum
995 2908 1010 2932 ,
1035 2881 1102 2920 an
1140 2870 1193 2920 δί
1221 2869 1518 2921 senatorem
1544 2875 1566 2929 ὲ

105 2944 218 2998 hoc
257 2957 426 2998 nunc:
448 2943 585 2999 scito
620 2941 863 2997 inter-effe
890 2981 908 3008 ,
948 2942 1251 3014 Principem
1291 2956 1345 2996 te
1377 2942 1566 2997 habeat
