1951 3720
409 225 880 299 TRAJANO
937 206 1351 299 DIcT'US.
1452 250 1591 317 421

148 345 382 400 tristium
418 348 668 401 inventio
706 388 722 412 ‚
780 349 881 400 alia
922 348 1280 418 gaudentium.
1334 349 1596 401 Neutrum

147 420 524 474 simulationes
546 420 911 491 exprefferint.
946 423 1156 474 Habent
1178 424 1268 473 sua
1294 424 1456 474 verba
1486 422 1596 474 mi-

149 493 256 546 seri
279 533 296 557 ‚
324 495 413 547 sua
429 496 591 546 verba
606 495 787 547 felices
805 513 822 553 ς
844 510 1011 562 utque
1028 493 1136 560 jam
1156 494 1390 549 maxime
1413 497 1599 549 eadem

151 568 219 619 ab
237 567 477 635 utrisque
497 568 737 620 dicantur
756 607 772 631 ‚
810 568 962 620 aliter
987 568 1249 622 dicuntur.

223 640 474 693 LXXIII.
507 641 676 693 Testis
714 640 828 709 ipse
866 658 923 693 es
961 659 1080 710 quae
1115 643 1174 693 in
1212 640 1457 693 omnium
1498 657 1597 695 ore

145 714 210 764 1ae
219 712 339 764 titia
359 733 371 764 :
402 730 515 765 non
533 714 754 766 amictus
773 713 1019 782 cuiquam
1035 754 1059 779 ,
1077 732 1189 767 non
1206 715 1415 767 habitus
1434 730 1596 783 quem

144 784 318 838 modo
339 788 601 838 extulerat
634 806 648 839 ε
691 789 814 838 inde
835 787 1141 840 resultantia
1171 789 1396 841 vocibus
1419 786 1555 839 testa
1576 824 1595 851 ,

143 858 395 926 nihilque
423 858 584 912 tantis
626 861 943 912 clamoribus
980 861 1103 913 satis
1139 861 1389 915 clausum.
1453 860 1596 926 Quis

143 942 275 983 tunc
305 948 417 984 non
445 949 475 984 e
509 931 737 1002 vestigio
760 933 857 984 suo
875 933 1137 986 exsiluit?
1176 933 1298 1002 quis
1322 932 1595 987 exsiluiss‘e

141 1004 201 1056 se
230 1004 432 1059 sensit?
466 1006 640 1056 Multa
661 1006 883 1058 fecimus
904 1007 1099 1074 sponte
1119 1044 1135 1068 ‚
1167 1010 1319 1075 plura
1346 1005 1594 1059 instin&u

144 1079 383 1145 quodam
405 1078 457 1130 St
477 1078 728 1146 imperio,
756 1080 893 1131 Nam
914 1079 1107 1147 gaudio
1130 1096 1344 1148 quoque
1364 1079 1595 1149 cogendi

143 1150 234 1201 vis
250 1150 404 1204 inest.
426 1153 569 1203 Num
590 1168 719 1221 ergo
739 1153 962 1207 modum
974 1152 1029 1205 ei
1044 1167 1134 1205 tua
1145 1154 1328 1205 saltem
1341 1152 1595 1206 modestia

143 1221 444 1291 imposuit?
476 1226 602 1276 Non
624 1222 824 1292 quanto
855 1225 1022 1294 magis
1043 1243 1072 1276 a
1099 1242 1153 1277 te
1173 1226 1553 1294 reprimebatur
1580 1264 1597 1291 ‚

144 1297 483 1352 exarsimus?
505 1314 617 1350 non
637 1299 972 1351 contumacia
989 1338 1004 1360 ‚
1027 1299 1226 1351 Caesar:
1247 1298 1335 1351 sed
1354 1299 1489 1351 utin
1504 1314 1596 1352 tua

142 1370 407 1437 potestate
427 1369 500 1423 est
517 1388 585 1423 an
604 1373 919 1441 gaudeamus
940 1410 956 1433 ,
977 1372 1050 1424 ita
1067 1371 1127 1423 in
1144 1387 1398 1441 quantum
1418 1389 1516 1425 nec
1536 1372 1595 1425 in

141 1442 340 1503 nostra.
362 1444 728 1512 Comprobasti
747 1443 930 1512 &ipse
942 1444 1383 1497 acclamationum
1396 1445 1594 1498 nostra·

143 1533 268 1568 rum
293 1516 455 1569 fidem
474 1519 827 1586 lacrymarum
847 1532 1055 1570 tuarum
1077 1518 1325 1574 veritate.
1343 1519 1594 1573 Vidimus

141 1590 515 1642 humescenres
550 1593 738 1643 oculos
763 1606 886 1642 tuos
915 1629 932 1654 ,
980 1589 1362 1659 demifl'umque
1399 1592 1594 1661 gaudio

140 1664 362 1715 vultum
379 1702 394 1727 ‚
425 1677 736 1733 tantumque
749 1663 1017 1732 sanguinis
1038 1664 1094 1715 in
1108 1681 1228 1728 ore,
1260 1679 1515 1733 quantum
1536 1665 1596 1718 in

142 1734 335 1788 animo
368 1736 607 1805 pudoris.
638 1738 812 1805 Atque
835 1735 940 1789 hoc
962 1737 1133 1807 magis
1154 1736 1357 1791 incensi
1376 1737 1553 1791 sumus
1575 1776 1592 1802 ‚

143 1825 204 1864 ut
228 1827 569 1881 precaremur
588 1850 605 1876 ‚
635 1827 702 1864 ne
727 1811 937 1879 quando
969 1810 1068 1864 tibi
1102 1827 1215 1868 non
1239 1813 1421 1865 eadem
1443 1812 1596 1866 causa

139 1887 509 1954 lacrymarum
542 1903 562 1944 ·,
626 1899 792 1953 utque
833 1901 1123 1954 numquam
1170 1884 1404 1939 frontem
1447 1901 1596 1939 tuam

138 1958 484 2028 abstergere&
518 1958 639 2011 Hoc
669 1957 844 2026 ipsum
873 1959 967 2010 has
1003 1958 1149 2016 sedes
1187 1974 1290 2010 nos
1333 1958 1485 2027 quasi
1513 1976 1595 2012 re,

139 2032 431 2100 sponsuras
483 2031 871 2100 interrogemus
909 2070 926 2094 ‚
986 2030 1293 2084 viderintne
1339 2048 1594 2100 umquam

137 2105 413 2172 Principis
450 2106 711 2173 lacrymas
744 2124 757 2156 ε
802 2118 854 2155 at
896 2103 1104 2156 senatus
1147 2105 1285 2172 saepe
1320 2106 1594 2161 viderunt.

140 2178 399 2230 Onerasti
430 2178 636 2231 futuros
660 2176 930 2244 Principes
952 2195 969 2236 3
1006 2178 1095 2230 sed
1125 2178 1177 2229 &
1200 2176 1439 2244 posteros
1464 2179 1595 2232 nos÷

137 2267 282 2304 tros.
328 2252 466 2305 Nam
510 2251 563 2303 δι
601 2250 661 2302 hi
703 2268 732 2302 a
769 2249 1120 2317 Principibusv
1142 2251 1249 2302 suis
1287 2251 1505 2321 exigent
1534 2266 1596 2305 ut

139 2326 335 2376 eadem
377 2324 556 2377 audire
587 2339 886 2375 mereantur
911 2342 928 2383 ·,
981 2324 1034 2375 &
1065 2322 1145 2374 illi
1181 2320 1325 2394 quod
1355 2341 1471 2380 non
1500 2342 1594 2379 au·

137 2398 325 2460 diam,
358 2397 789 2467 indignabuntur.
1360 2425 1363 2430 ·
1574 2441 1579 2450 .

218 2470 476 2530 LXXI-V.
511 2470 661 2530 Nihil
696 2468 865 2540 magis
896 2468 1104 2538 poffurn
1135 2470 1355 2539 proprie
1375 2470 1548 2552 dicere
1573 2509 1594 2536 ‚

138 2541 308 2613 quam
332 2545 480 2612 quod
501 2543 696 2595 dietum
722 2542 795 2595 est
820 2561 849 2595 a
867 2543 1060 2596 cun&o
1091 2544 1305 2597 senatu:
1342 2545 1387 2596 0
1408 2562 1456 2596 te
1467 2545 1595 2612 febr·-

139 2637 246 2668 cem
276 2619 297 2667 ἱ
337 2618 501 2683 Quod
542 2634 707 2685 quum
748 2616 1044 2669 diceremus
1069 2655 1084 2679 ,
1119 2634 1231 2669 non
1270 2633 1402 2685 opes
1437 2632 1553 2671 tuas
1573 2657 1592 2682 ,

139 2692 240 2743 sed
261 2690 508 2742 animum
542 2691 876 2744 mirabamur.
919 2690 1003 2741 Est
1038 2691 1184 2742 enim
1215 2692 1427 2742 demum
1463 2707 1593 2744 vera

138 2763 375 2816 felicitas
412 2802 429 2826 ,
474 2761 727 2816 felicitate
767 2764 986 2831 dignum
1028 2762 1219 2816 videri.
1272 2764 1375 2832 Sed
1422 2780 1589 2830 quum

135 2839 318 2900 multa,
352 2836 451 2892 illo
482 2836 568 2891 die
600 2835 738 2898 dieta
769 2836 890 2889 sunt
923 2836 1186 2905 sapienter
1222 2836 1276 2891 δι
1311 2836 1600 2909 graviter-⁴,
