1951 3720
320 355 409 424 30
624 332 889 399 CAII
964 330 1398 399 ΡιῙΝιι

312 445 481 513 juvat.
522 446 740 499 Nemini
773 462 951 500 tamen
982 446 1200 501 istorum
1218 446 1448 501 castitate
1471 485 1486 512 ,
1523 445 1769 517 pietate-4

315 519 510 585 justitia
532 559 548 583 ,
586 521 929 585 fortitudine,
967 521 1128 573 etiam
1165 523 1343 591 primo
1383 524 1509 573 loco
1536 521 1767 576 cefferit.

318 593 594 646 Mirareris
627 633 644 657 ,
688 594 736 646 si
791 593 1060 647 intereffes
1096 634 1110 660 ‚
1165 596 1268 665 qua
1321 595 1582 663 patientia-
1628 597 1770 649 hane

318 665 487 734 ipsam
523 668 884 720 valetudinem
921 669 1153 733 toleret,
1194 684 1254 720 ut
1298 669 1476 721 dolori
1516 667 1726 721 resistat
1752 706 1767 733 ‚

320 755 381 791 ut
419 741 565 791 sitim
597 739 837 804 differat,
879 755 939 792 ut
962 742 1324 794 incredibilem
1345 741 1571 794 febrium
1608 744 1774 794 ardo·

322 830 435 864 rem
461 813 716 866 immotus
740 815 1061 884 opertusque
1094 815 1429 868 transmittat.
1463 815 1650 884 Nuper
1681 831 1775 868 me

318 888 622 955 paucosque
654 905 895 952 mecum,
936 906 1073 957 quos
1097 887 1331 941 maxime
1356 887 1529 957 diligit
1548 927 1564 952 ,
1597 889 1775 940 advo·

324 961 470 1012 cavit
496 979 512 1019 ·‚
555 961 874 1030 rogavitque
902 977 964 1014 ut
993 963 1230 1015 medicos
1268 961 1666 1015 consuleremus
1709 962 1777 1014 de

322 1034 527 1087 summa
563 1035 885 1088 valetudinis
912 1074 928 1098 ‚
966 1050 1028 1087 ut
1048 1075 1063 1099 ‚
1096 1036 1144 1088 si
1185 1033 1311 1088 effet
1355 1033 1731 1103 insuperabilis
1762 1071 1782 1099 ,
1822 1072 1840 1079 -

325 1106 516 1174 sponte
535 1108 710 1161 exiret
726 1107 910 1161 evita:
933 1107 1019 1160 sin
1039 1108 1242 1161 tantum
1257 1107 1482 1162 difficilis
1505 1107 1557 1160 &
1574 1109 1745 1178 longa
1762 1145 1779 1172 ‚

325 1179 588 1232 resisteret
628 1197 989 1251 maneretque.
1044 1183 1294 1234 Dandum
1339 1179 1487 1234 enim
1510 1180 1783 1249 ⁴precibus

326 1253 514 1306 uxoris
537 1293 553 1317 ,
585 1255 812 1307 dandum
850 1253 977 1306 filiae
1012 1255 1268 1325 lacrymis
1286 1293 1305 1319 ,
1345 1255 1573 1306 dandum
1608 1253 1782 1307 etiam

327 1327 485 1378 nobis
533 1326 719 1380 amicis
739 1367 771 1393 ,.
797 1344 865 1379 ne
907 1327 1026 1396 spes
1077 1327 1278 1381 nostras
1298 1365 1316 1392 ,
1354 1325 1401 1379 si
1448 1324 1615 1379 modo
1664 1342 1785 1379 non

327 1398 494 1452 ess‘ent
542 1401 724 1453 inanes
746 1441 762 1465 ,
812 1400 1117 1454 voluntaria
1153 1415 1327 1454 morte
1368 1401 1650 1454 desereret.
1723 1400 1787 1453 Id

328 1491 432 1544 ego
460 1475 679 1526 arduum
702 1474 760 1526 in
784 1474 971 1543 primis
1007 1477 1060 1527 ὅ(
1082 1473 1348 1544 praecipua
1375 1475 1527 1526 laude
1556 1473 1787 1542 dignum
1855 1501 1866 1505 ·

326 1563 481 1615 puto.
521 1549 663 1600 Nam
686 1547 891 1616 impetu
921 1551 1151 1616 quodam
1196 1549 1249 1601 δι
1284 1546 1531 1600 instinctu
1560 1563 1788 1615 procur·

329 1637 446 1676 rere
497 1623 563 1674 ad
601 1636 832 1675 mortem
857 1661 873 1685 ‚
917 1639 1203 1674 commune
1235 1638 1356 1673 cum
1392 1621 1608 1673 multis:
1649 1619 1791 1672 deli·

329 1695 512 1749 bet-are
560 1693 695 1749 vero
714 1735 730 1759 ,
783 1696 838 1748 δι
868 1695 1046 1748 causas
1082 1694 1197 1760 ejus
1236 1696 1534 1763 expendere
1555 1734 1571 1758 ,
1613 1708 1788 1763 utque

332 1767 550 1821 suaserit
586 1769 756 1833 ratio,
792 1769 923 1821 vitae
968 1769 1262 1837 mortisque
1303 1768 1591 1820 consilium
1628 1765 1791 1820 susci·

333 1857 462 1911 pere
487 1844 578 1895 vel
614 1858 816 1911 ponere
837 1883 853 1909 ,
885 1843 1117 1912 ingentis
1158 1842 1233 1894 est
1270 1842 1455 1895 animi.
1494 1842 1559 1894 Et
1588 1839 1792 1896 medici

337 1915 553 1985 quidem
594 1916 822 1969 secunda
856 1917 1013 1970 nobis
1053 1916 1376 1985 pollicentur
1407 1935 1420 1968 :
1460 1914 1697 1983 superest
1729 1928 1793 1969 ut

337 1990 620 2062 promissis
645 1992 796 2043 Deus
817 2005 1041 2053 annuat,
1067 1991 1385 2058 tandemque
1404 2006 1490 2041 me
1508 1990 1607 2041 hac
1633 1990 1794 2041 soni-

338 2062 572 2115 citudine
608 2065 884 2123 exsolvat·²
922 2063 1027 2131 qua
1061 2063 1308 2115 liberatus
1337 2101 1353 2126 ‚
1403 2062 1792 2115 Laurentinum

340 2153 521 2190 meum
542 2176 558 2199 ,
594 2138 700 2189 hoc
736 2136 810 2188 est
829 2176 845 2200 ,
879 2136 1089 2188 libellos
1130 2137 1182 2189 &
1224 2136 1507 2205 pugillares
1531 2174 1548 2198 ,
1584 2134 1793 2188 studio-

342 2211 564 2279 sumque
586 2209 759 2262 otium
791 2224 1046 2277 repetam.
1078 2211 1234 2264 Nunc
1252 2210 1397 2262 enim
1419 2208 1554 2262 nihil
1576 2211 1760 2278 legere
1775 2247 1792 2270 ‚

341 2284 477 2336 nihil
503 2284 726 2336 scribere
758 2299 847 2335 aut
865 2283 1120 2335 assidenti
1138 2299 1290 2335 vacat
1304 2323 1319 2346 ,
1343 2297 1431 2335 aut
1450 2283 1614 2335 anxio
1636 2282 1790 2335 libet.

341 2357 518 2409 Habes
540 2356 667 2426 quid
689 2356 906 2410 timeam
926 2396 942 2421 ,
983 2357 1113 2425 quid
1140 2371 1325 2426 optem
1340 2397 1354 2420 ‚
1395 2357 1524 2426 quid
1546 2355 1712 2407 etiam
1735 2355 1797 2407 in

344 2430 613 2499 posterum
637 2430 925 2483 destinem:
962 2446 1022 2481 ru
1055 2430 1182 2499 quid
1216 2431 1388 2499 egeris
1410 2468 1424 2494 ‚
1464 2430 1593 2498 quid
1629 2445 1792 2497 agaS,

347 2504 475 2573 quid
498 2505 636 2556 velis
660 2521 812 2573 agere
834 2544 848 2568 ‚
877 2504 1110 2556 invicem
1149 2503 1334 2567 nobis,
1370 2503 1460 2556 sed
1493 2500 1792 2555 laetioribus

347 2576 586 2645 epistolis
631 2578 812 2631 scribe.
857 2576 968 2629 Erit
1002 2577 1309 2630 confusioni
1350 2594 1484 2631 meae
1526 2592 1644 2627 non
1676 2589 1795 2628 me·-

350 2650 528 2709 diocre
559 2651 841 2717 solatium„
871 2651 918 2704 si
941 2666 1001 2705 tu
1023 2652 1156 2705 nihil
1189 2649 1445 2723 quereris.
1467 2650 1626 2707 Vale.
