1951 3720
357 317 816 389 *TRAIANO
872 332 1285 388 ηιατυς.
1392 304 1535 413 3Ᾰ79

133 451 312 511 tamque
361 439 418 494 in
472 438 654 494 omnia
707 438 909 509 pariter
956 437 1162 492 intenta
1212 437 1424 493 bonitas
1481 439 1537 494 et

132 515 326 569 accincta
357 554 372 579 ,
412 528 472 567 ut
506 514 700 566 tristius
746 513 953 583 aliquid
991 514 1173 566 seculo
1218 529 1315 566 tuo
1361 513 1539 583 passis

133 590 182 641 ad
212 588 482 641 remedium
514 589 844 657 salutemque
882 586 1105 640 sufficiat
1124 625 1139 651 ,
1174 602 1236 639 ut
1265 587 1420 641 scias.

185 661 366 716 XXXI.
421 662 686 715 Omnibus
727 660 979 731 equidem
1028 660 1275 731 gentibus
1329 659 1536 716 fertiles

131 749 267 788 annos
293 736 557 806 gratasque
575 750 739 788 terras
768 751 992 804 precor,
1013 734 1329 787 crediderim
1355 750 1539 788 tamen

130 823 205 876 per
232 811 357 862 bunc
403 809 629 880 AEgypti
673 809 861 862 statum
903 823 1021 861 tuas
1074 809 1346 861 fortunam
1386 809 1538 863 vires

130 881 1541 1026 3322?³:353¹233:³{i1233332212233‘221323252·

1518 993 1540 1023 9

132 1043 277 1081 nonne
316 1029 644 1084 manifestum
676 1029 799 1093 est,
849 1029 897 1082 si
934 1028 1063 1097 quid
1097 1028 1308 1081 adversi
1345 1030 1537 1094 cadat,

132 1101 215 1154 tuis
239 1104 499 1169 laudibus,
532 1103 743 1173 tuisque
765 1102 1059 1155 virtutibus
1089 1102 1368 1155 materiem
1399 1118 1544 1155 cam-

132 1189 323 1245 pumque
354 1177 666 1248 praesterni,
705 1193 872 1246 quum
917 1177 1145 1228 secunda
1187 1175 1406 1239 felices,
1453 1177 1541 1228 ad-

130 1249 247 1303 versa
261 1267 472 1321 magnos
495 1252 771 1320 probent?
811 1250 1184 1302 Percrebuerat
1205 1247 1501 1315 antiquitus
1517 1285 1541 1314 ,

131 1323 277 1376 urbem
305 1324 532 1378 nostram
570 1324 676 1377 nisi
712 1322 906 1392 opibus
927 1322 1156 1393 AEgypti
1186 1321 1257 1374 ali
1287 1320 1545 1374 sustenta·

130 1394 249 1464 tique
280 1413 385 1450 ιιοιι
427 1396 620 1467 poffe:
656 1396 986 1466 superbiebat
1029 1396 1256 1448 ventosa
1304 1396 1357 1448 δι
1393 1394 1540 1448 inso-

129 1467 217 1520 lens
256 1472 440 1535 natio,
499 1471 650 1542 quod
694 1470 961 1524 victorem
1009 1469 1223 1539 quidem
1272 1470 1537 1553 populum

128 1542 320 1608 pasceret
361 1554 581 1610 tamen,
625 1542 873 1615 qubdque
922 1545 983 1596 in
1023 1544 1122 1595 suo
1173 1542 1435 1606 flumine,
1475 1541 1537 1594 iti

129 1614 213 1667 suis
250 1620 461 1672 navibus
501 1620 595 1672 vel
642 1617 957 1670 abundantia
1010 1616 1185 1668 nostra
1236 1618 1327 1667 vel
1366 1616 1537 1669 fames

128 1686 241 1744 efl‘et.
278 1693 586 1747 Refudimus
616 1692 748 1744 Nilo
783 1691 898 1743 suas
935 1690 1164 1758 copias.
1204 1687 1409 1757 recepit
1429 1689 1543 1741 fru

128 1776 269 1816 menta
301 1782 411 1834 quae
434 1766 689 1825 miserat,
729 1765 1134 1834 deportatasque
1161 1761 1349 1814 meffes
1385 1778 1542 1814 reve

129 1835 205 1889 tit.
244 1839 415 1893 Discat
452 1840 625 1912 igitur
642 1838 953 1909 AEgyptus,
996 1838 1277 1906 credatque
1318 1835 1539 1905 experi-

131 1924 313 1976 mento,
339 1931 450 1967 ιιοιι
481 1914 738 1967 alimenta
768 1914 823 1965 se
851 1912 1046 1974 nobis,
1072 1913 1161 1964 sed
1184 1910 1378 1962 tributa
1402 1928 1542 1979 prae

131 1980 266 2040 state·
294 1987 417 2040 sciat
445 1990 503 2041 se
532 2004 647 2040 ιιοιι
669 1985 774 2039 effe
804 1988 1013 2056 populo
1035 1986 1286 2037 Romano
1315 1983 1540 2037 necess'a·

130 2055 278 2124 tiam,
314 2062 366 2113 δε
400 2077 584 2116 tamen
638 2059 853 2114 serviat.
925 2058 1047 2111 Post
1081 2060 1194 2110 haec
1230 2097 1245 2122 ,
1297 2057 1346 2110 si
1382 2059 1540 2112 volet

130 2128 291 2199 Nilus,
323 2151 465 2188 amet
499 2136 716 2188 alveum
737 2134 925 2192 suum,
952 2133 1006 2185 ἃ
1041 2132 1279 2184 fluminis
1314 2133 1541 2184 modum

128 2201 302 2260 servet:
337 2209 472 2262 nihil
508 2211 615 2261 boc
655 2209 719 2260 ad
759 2208 958 2260 Urbem
983 2245 999 2271 ,
1033 2221 1093 2258 ac
1130 2223 1196 2258 ne
1231 2205 1297 2257 ad
1338 2204 1542 2274 AEgyp-
1584 2231 1611 2240 κ

129 2284 218 2329 mm
254 2283 508 2350 quidem,
551 2281 659 2335 nisi
691 2296 752 2334 ut
805 2282 930 2333 inde
984 2278 1204 2349 navigia
1252 2278 1430 2331 inania
1485 2279 1541 2332 &t

130 2362 308 2419 Vacua,
358 2358 411 2409 δι
465 2356 666 2410 similia
708 2353 1100 2417 redeuntibus,
1138 2353 1264 2406 hinc
1298 2355 1455 2421 plena
1487 2353 1543 2405 δε

129 2427 279 2480 Onusta
315 2431 368 2482 δι
400 2430 580 2500 qualia
613 2431 789 2482 solent
821 2428 1039 2490 venire,
1067 2426 1382 2485 mittantur,
1418 2442 1550 2477 con·

127 2502 357 2571 versoque
400 2520 624 2557 munere
654 2501 858 2565 maris,
895 2501 1028 2554 hinc
1061 2502 1242 2568 potitis
1282 2498 1436 2553 venti
1473 2498 1549 2552 fe·

127 2585 273 2627 rentes
310 2578 363 2629 δε
408 2577 592 2630 brevis
630 2577 808 2629 cursus
847 2589 1121 2643 optentur.
1163 2573 1404 2640 Mirum,
1431 2575 1546 2626 Cae·

125 2643 217 2711 sar,
255 2649 562 2715 videretur,
601 2649 649 2702 si
685 2650 920 2703 desidem
959 2647 1306 2719 AEgyptum,
1344 2644 1548 2699 ceffan·

126 2729 310 2803 temque
336 2725 523 2778 Nilum
553 2740 667 2777 non
697 2722 934 2776 sensisset
956 2723 1101 2774 urbis
1140 2737 1388 2778 annona3
1425 2736 1544 2787 quae

123 2792 208 2846 tuis
247 2798 476 2865 opibus,
520 2797 610 2851 tua
656 2797 780 2850 cura
818 2796 986 2865 usque
1028 2795 1154 2847 illuc
1188 2793 1549 2856 redundavit,

123 2879 171 2915 ut
194 2867 344 2922 simul
375 2873 725 2939 probaretur,
768 2871 819 2922 &
855 2886 958 2921 nos
995 2869 1235 2938 AEgypto
1259 2865 1442 2935 poffe,
1489 2866 1544 2917 δι

124 2940 254 2995 nobis
282 2944 581 3018 AEgyptum
617 2961 795 3000 carere
838 2958 953 2998 ιιοιι
986 2941 1153 3014 poffe.
1204 2941 1398 2996 ACtum
1431 2947 1549 2993 etat
