1951 3720
410 268 887 341 TRAIANO
939 260 1357 342 nter-Usa·
1461 276 1601 370 375

149 390 421 463 Principis
462 390 723 463 egreffum
762 392 821 445 in
865 391 1140 461 publicum
1159 431 1174 455 ‚
1217 391 1449 445 insidere
1483 391 1611 446 vias

148 467 407 522 examina
438 467 724 520 infantium
743 505 760 530 ‚
795 467 1107 536 futurusque
1122 467 1360 535 populus
1381 466 1609 521 solebat.

148 542 329 595 Labor
372 540 678 610 parentibus
718 557 830 593 erat
866 540 1127 592 ostentare
1162 542 1456 609 parvulos·,
1498 540 1607 592 im·

147 615 472 684 positosque
510 614 809 668 cervicibus
862 615 1127 668 adulantia
1170 616 1334 666 verba
1365 614 1606 666 blandas·

148 705 257 758 que
299 705 474 742 voces
510 690 753 742 edocere.
795 689 1100 741 Reddebant
1137 687 1217 740 illi
1257 704 1373 755 quae
1410 704 1609 740 mone-

146 763 385 821 bantur,
421 778 482 815 ac
512 761 753 832 plerique
777 761 950 814 irritis
966 761 1211 830 precibus
1241 761 1419 813 surdas
1450 760 1609 812 Prin·

146 835 291 904 cipis
333 853 495 889 :mres⁴
525 835 921 905 adstrepebant3
960 835 1238 904 ignarique
1267 835 1395 904 quid
1423 834 1609 904 rogas·

148 908 270 962 sent
299 948 316 973 ‚
357 909 488 980 quid
519 926 631 963 non
667 907 1064 978 impetrassent,
1097 910 1267 961 donec
1307 906 1471 974 plan'e'
1500 908 1610 961 sci-

148 998 275 1036 rent
296 1022 312 1046 ‚
350 982 745 1037 differebantur.
782 984 872 1035 Tu
897 998 966 1034 ne
998 983 1175 1052 rogari
1203 980 1418 1051 quidem
1453 980 1611 1034 susti-

150 1054 359 1117 nuisti3
398 1057 453 1110 ὅ(
505 1073 825 1127 quamquam
878 1055 1217 1108 laetissimum
1273 1055 1448 1108 oculis
1495 1053 1608 1107 tuis

149 1127 284 1183 effer
309 1172 325 1196 ‚
367 1131 655 1200 conspectu
675 1131 933 1183 Romanae
967 1128 1169 1181 sobolis
1205 1128 1456 1196 impleri,
1491 1144 1609 1181 om·

152 1214 251 1258 nes
279 1218 464 1257 tamen
495 1220 780 1273 antequam
817 1219 874 1255 te
903 1202 1154 1256 viderent
1180 1202 1455 1254 adirentve
1476 1242 1491 1265 ‚
1518 1219 1611 1255 re·

151 1275 300 1346 cipi,
346 1277 512 1330 incidi
562 1276 760 1342 iussisti
793 1317 812 1341 ‚
851 1292 912 1328 ut
958 1275 1066 1341 iarn
1102 1275 1226 1328 inde
1273 1276 1337 1328 ab
1376 1275 1606 1329 infantia

151 1358 436 1421 parentem
466 1351 739 1421 publicum
766 1366 989 1402 munere
1024 1348 1353 1401 educationis
1386 1348 1606 1417 experi-

153 1440 384 1478 rentur:
422 1424 717 1478 crescerent
754 1426 818 1476 de
856 1439 955 1476 tuo
998 1423 1096 1493 qui
1129 1423 1424 1476 crescerent
1464 1422 1560 1475 tibi
1586 1439 1609 1482 ·,

152 1498 542 1569 alimentisque
574 1497 684 1551 tuis
713 1500 779 1550 ad
808 1495 1067 1566 stipendia
1091 1511 1183 1548 tua
1217 1494 1562 1566 pervenirent
1586 1514 1615 1555 ·,*

155 1570 477 1642 tantumque
507 1588 697 1625 omnes
726 1569 823 1624 uni
846 1569 944 1623 tibi
970 1611 986 1634 ‚
1013 1585 1269 1640 quantum
1300 1568 1619 1638 parentibus'

155 1646 269 1699 fuis
308 1646 535 1716 quisque
571 1646 802 1698 deberet.
838 1642 1004 1697 Reae
1025 1684 1047 1706 ,
1066 1645 1270 1705 Caesar,
1297 1642 1440 1713 quod
1459 1643 1616 1712 spem

155 1717 400 1773 Romani
434 1719 676 1772 nominis
709 1716 1004 1787 sumptibus
1037 1717 1144 1770 tuis
1180 1716 1423 1785 suscipis,
1468 1716 1610 1769 Nul-

153 1795 274 1848 lum
298 1792 377 1848 est
410 1794 555 1849 enim
586 1807 782 1866 niagno
813 1789 1060 1860 Principe
1080 1814 1101 1852 ,·
1129 1789 1614 1843 immortalitatem·

157 1875 268 1940 que
316 1866 581 1922 meriture
619 1865 882 1937 impendii
926 1883 1093 1937 genus
1152 1863 1364 1935 dignius
1384 1904 1399 1929 ,
1448 1863 1615 1933 quam

158 1945 314 2013 quod
345 1957 599 2014 erogatur
632 1941 698 1995 in·
727 1938 988 2011 posteros.
1037 1940 1356 2008 Locupletes
1398 1939 1462 1991 ad
1498 1940 1614 1990 tol·

158 2019 356 2071 tendes
392 2016 590 2071 liberos
626 2014 867 2088 ingentia
895 2011 1144 2083 praemia‚
1172 2013 1225 2065 δι
1250 2029 1406 2082 pares
1431 2027 1615 2080 poenae

160 2092 555 2145 cohortantur:
589 2088 908 2159 pauperibus
943 2086 1202 2142 educandi
1228 2103 1335 2139 una
1366 2085 1504 2139 ratio
1538 2083 1618 2138 est

160 2166 343 2219 bonus
365 2165 639 2233 Princeps,
679 2162 788 2216 Hic
816 2161 1011 2215 fiducia
1045 2161 1126 2214 sui
1159 2175 1467 2230 procreatos
1504 2157 1623 2212 nisi·

163 2235 315 2309 §arga
353 2254 518 2323 manq
546 2237 737 2301 fovet,
773 2249 931 2307 auget
959 2274 975 2299 ‚
1024 2233 1358 2304 amplectitur
1389 2273 1406 2298 ‚
1455 2248 1615 2287 occa·-

163 2312 288 2365 fiim.
322 2310 543 2382 imperii
559 2351 578 2377 ‚
612 2310 861 2364 occasum
895 2308 1103 2377 reipub.
1145 2311 1439 2367 accelerat3
1474 2307 1619 2361 frus-

163 2395 356 2457 traque
405 2401 655 2455 proceres
705 2385 860 2455 plebe
895 2381 1134 2453 neglesta
1176 2422 1193 2446 ‚
1239 2397 1300 2435 ut
1353 2380 1622 2434 defectum-

165 2466 403 2530 corpore
444 2472 602 2529 caput
626 2498 643 2523 ‚
676 2471 1090 2525 nutaturumque
1131 2454 1363 2509 instabist
1380 2455 1630 2525 pondere

166 2542 373 2589 tuetur.
421 2533 597 2587 Facile
629 2530 703 2585 est
736 2528 1034 2596 conjechre
1066 2569 1084 2594 ‚
1132 2530 1278 2600 quod
1318 2528 1621 2598 perceperis

168 2608 424 2681 gaudium
449 2647 467 2673 ‚
505 2623 670 2678 quum
705 2619 759 2659 te
809 2618 1088 2675 parentum
1109 2642 1125 2667 ‚
1163 2602 1453 2656 liberorum
1475 2642 1492 2669 ‚
1533 2601 1625 2660 se*

167 2693 305 2737 num
328 2722 345 2748 ‚
381 2681 664 2736 infantium
683 2719 699 2746 ,
739 2694 1032 2750 puerorum
1066 2679 1270 2730 clamor
1317 2677 1619 2747 exciperet.

168 2758 308 2811 Haec
350 2756 530 2826 prima
556 2757 903 2825 parvulorum
934 2752 1140 2822 civium
1165 2767 1283 2804 vox
1310 2768 1460 2804 aures
1497 2765 1629 2803 tuas

171 2830 371 2884 imbuit
395 2843 415 2896 ·,
448 2830 642 2906 quibus
679 2844 739 2882 ru
768 2830 985 2881 daturus
1013 2821 1271 2879 'alimenta
1299 2827 1403 2877 hoc
1440 2824 1619 2878 maxi·

170 2920 327 2960 num
360 2902 644 2975 praestitisti
663 2942 680 2969 ,
705 2917 794 2958 ‘ne
830 2916 1099 2974 rogarent.
1133 2900 1303 2968 Super
1325 2898 1517 2952 omnia
1541 2896 1629 2952 est
