1951 3720
370 322 501 372 100
676 299 974 368 Castr
1026 300 1462 369 PLINII

451 423 567 475 111.
620 422 951 475 Pru-xus
992 425 1420 475 Aua-omno
1463 433 1610 475 suo
1649 415 1704 476 S.

358 544 547 599 laudes
576 544 815 594 Antonini
837 544 934 593 sive
964 542 1210 599 Adriani,
1242 558 1295 591 nt
1322 542 1495 593 habent
1517 544 1669 611 regii,
1700 561 1788 596 non

430 635 528 668 tam
561 637 618 667 ex
656 612 936 675 honoribus,
963 635 1075 683 quos
1112 617 1420 682 amplissitnos
1458 618 1637 686 gessit,
1665 618 1788 684 qudm

430 710 490 742 ex
524 692 711 760 ingenio
748 691 794 740 ὃ·
836 687 1012 740 Gracis
1045 688 1268 742 versibus.

362 807 460 932 Q
483 855 610 911 υὸι)
636 859 797 911 semel
833 873 990 926 atque
1021 856 1215 909 iterum
1245 858 1430 910 consul
1454 857 1594 911 fuisti
1616 898 1631 922 ‚
1657 858 1790 912 simi-

355 933 424 986 lis
463 932 694 1000 antiquis
721 950 737 992 ·,
772 928 914 999 quod
944 932 1232 998 proconsul
1264 931 1404 983 Asiae
1426 970 1441 994 ‚
1476 932 1648 1000 qualis
1679 949 1792 985 ante

355 1020 409 1058 te
434 1043 449 1069 ,
485 1005 655 1073 qualis
686 1005 804 1072 post
827 1019 879 1055 te
909 1005 1010 1055 vix
1032 1020 1168 1057 unus
1201 1019 1290 1055 aut
1319 1007 1491 1073 alter(
1526 1022 1640 1057 non
1670 1005 1794 1057 sinit

354 1077 502 1130 enim
546 1095 632 1130 me
666 1077 986 1130 verecundia
1021 1092 1112 1128 tua
1148 1077 1323 1129 dicere
1350 1117 1364 1140 ‚
1404 1085 1613 1145 nemo)
1658 1078 1797 1147 quod

354 1151 627 1205 sauaitate
648 1191 663 1215 ‚
689 1150 836 1219 quod
857 1150 1169 1203 aueloritate
1191 1190 1206 1214 ‚
1231 1165 1628 1219 aetatequoque
1651 1152 1797 1220 prin-¹

355 1241 480 1293 ceps
529 1224 767 1277 civitatis
788 1263 804 1287 ‚
842 1224 916 1276 est
952 1224 1169 1292 quidem
1221 1224 1529 1276 venerabile
1587 1226 1642 1276 &
1682 1226 1795 1293 pul-

353 1299 576 1352 chrum:
608 1314 711 1367 ego
746 1313 924 1350 tamen
952 1313 1006 1349 te
1040 1299 1129 1349 vel
1161 1297 1332 1366 magis
1371 1296 1428 1348 in
1463 1298 1797 1350 remissioni-

353 1371 452 1434 bus
496 1372 682 1425 miror.
734 1372 872 1424 Nam
910 1370 1249 1422 severitatem
1280 1370 1428 1422 istam
1459 1371 1574 1438 par-i
1616 1370 1797 1436 jucun-

355 1444 521 1497 ditate
553 1444 770 1506 eondire
794 1484 809 1508 ‚
845 1444 1168 1511 summaeque
1201 1444 1452 1513 gravitati
1477 1459 1688 1496 tantum
1720 1462 1799 1497 co-

353 1517 557 1580 mitatis
609 1515 889 1587 adjungere
921 1557 937 1581 ‚
993 1534 1107 1570 non
1151 1517 1328 1570 minsis
1382 1518 1597 1571 difficile
1649 1518 1799 1586 quim

353 1591 608 1661 magnum
661 1592 750 1645 est.
805 1592 865 1643 Id
910 1606 969 1642 tu
1014 1608 1177 1659 quum
1230 1591 1530 1644 incredibili
1583 1594 1800 1660 quadam

351 1664 613 1728 suavitate
639 1666 945 1725 sermonum
961 1703 977 1726 ‚
999 1679 1113 1715 tum
1132 1666 1222 1717 vel
1242 1663 1512 1732 praecipue
1531 1665 1661 1718 stilo
1685 1664 1800 1718 affe·

275 1803 276 1806 Ἴ
357 1740 559 1808 queriS.
596 1742 734 1791 Nam
754 1738 1072 1806 &loquenti
1103 1738 1201 1789 tibi
1233 1738 1324 1790 illa
1357 1739 1645 1791 Homerici
1668 1739 1801 1791 senis

350 1814 513 1879 mella
542 1813 809 1881 profluere
828 1850 845 1876 ‚
873 1814 927 1865 &
963 1828 1080 1880 quae
1114 1810 1296 1864 scribis
1318 1851 1333 1876 ‚
1364 1815 1647 1881 complere
1682 1829 1801 1882 apes

350 1885 578 1940 floribus
599 1925 615 1951 ,
655 1889 709 1938 δι
749 1885 1016 1938 ἱηιιεᾶετε
1055 1885 1324 1938 videntur.
1379 1888 1458 1938 Ita
1506 1886 1657 1941 certe
1693 1889 1802 1941 sum

351 1958 570 2012 affectus
618 1960 770 2028 ipse,
811 1976 975 2028 quum
1018 1957 1206 2010 Graeca
1241 1959 1627 2028 epigrammata
1676 1976 1803 2025 tua,
1869 1967 1872 1970 ’

352 2050 520 2102 quum
557 2033 762 2086 iambos
805 2031 1057 2100 proxime
1101 2034 1350 2101 legerem.
1410 2034 1694 2098 Quantum
1733 2033 1803 2093 ibi

350 2105 698 2159 humanitatis
719 2145 735 2169 ‚
766 2104 1055 2158 venustatis
1079 2110 1090 2158 !
1118 2104 1276 2174 quim
1295 2106 1467 2157 dulcia
1486 2106 1581 2158 illa
1605 2113 1618 2161 !
1647 2107 1802 2177 quz'un

351 2179 611 2247 antiqua!
658 2183 812 2248 quam
849 2183 1069 2247 arguta!
1122 2177 1281 2247 quium
1323 2178 1498 2233 recta!
1542 2181 1804 2233 Callima-

351 2253 513 2306 chum
531 2269 619 2304 me
640 2291 656 2315 ,
688 2254 779 2304 vel
803 2251 1074 2303 Herodem
1095 2291 1109 2315 ,
1133 2255 1223 2304 vel
1249 2251 1296 2303 si
1321 2253 1448 2319 quid
1463 2252 1549 2304 his
1574 2254 1801 2319 melius,

351 2337 535 2377 tenere
568 2326 879 2391 credebqnn
916 2341 1145 2393 quorum
1181 2340 1359 2376 tamen
1382 2341 1570 2377 neuter
1602 2342 1802 2379 utrum·

353 2414 459 2467 que
485 2413 573 2450 aut
605 2398 833 2451 absolvit
852 2414 942 2450 aut
971 2398 1165 2467 attigit.
1200 2399 1566 2451 Hominemne
1600 2402 1801 2452 Roma-

353 2487 484 2527 num
522 2486 630 2523 tam
669 2470 856 2523 Graece
886 2471 1082 2539 loqui?
1115 2473 1241 2523 Non
1261 2511 1276 2534 ‚
1306 2489 1392 2523 me
1426 2472 1570 2525 Dius
1599 2472 1761 2527 fidius
1783 2512 1801 2539 ‚

350 2543 495 2612 ipsas
517 2545 749 2611 Athenas
771 2558 878 2596 tam
909 2544 1109 2596 Atticas
1130 2544 1375 2596 dixerim.
1417 2545 1565 2610 Quid
1583 2549 1756 2598 multa
1778 2549 1801 2599 ἓ

347 2616 577 2671 Invideo
621 2617 825 2670 Graecis
849 2657 866 2682 ,
910 2615 1053 2686 quod
1096 2617 1312 2669 illorum
1347 2617 1530 2687 lingua
1573 2619 1802 2672 scribere

353 2689 599 2755 maluisti.
640 2693 837 2760 Neque·
861 2690 1008 2743 enim
1027 2689 1328 2755 conjeaura
1346 2706 1467 2760 eget
1488 2729 1502 2754 ,
1534 2692 1671 2760 quid
1694 2694 1801 2744 ser-

351 2779 514 2818 mone
540 2763 716 2832 patrio
751 2765 1053 2832 exprimere
1084 2764 1262 2832 possis
1289 2803 1304 2827 ‚
1341 2781 1506 2832 quum
1533 2765 1644 2817 hoc
1677 2764 1800 2817 insi·

347 2836 478 2965 {Ine-ilo
516 2838 569 2890 δι
605 2835 822 2893 ἰιιάιιᾶο
857 2852 967 2892 tam
1003 2840 1251 2906 praeclara
1287 2854 1451 2907 opera
1489 2837 1801 2908 perfeceris·

462 2926 511 2968 e.
