1951 3720
311 300 457 354 200
660 278 922 346 CAII
986 277 1418 346 PL1N11

309 397 544 452 habuiss‘e
566 438 581 462 ‚
608 399 661 452 &
688 399 749 451 in
777 401 929 453 laude
952 399 1201 469 posuiffe.
1241 400 1455 456 Intendi
1488 399 1722 456 animum
1746 408 1769 469 ζ

312 489 607 543 contraque
639 473 956 543 opinionem
982 492 1185 539 meam,
1208 474 1327 544 post
1349 478 1571 545 longam
1594 479 1771 531 desue-

315 549 556 600 tudinem
577 588 590 611 ,
623 565 877 617 perquam
909 549 1111 618 exiguo
1149 549 1411 618 temporis
1445 566 1727 605 momento
1751 589 1770 615 ‚

311 619 370 673 id
406 621 581 689 ipsum
619 623 765 691 quod
789 640 874 674 me
895 623 962 674 ad
985 624 1318 675 scribendum
1344 623 1730 677 sollicitaverat
1754 661 1772 689 ,

315 692 402 746 his
440 696 683 747 versibus
722 696 983 749 exaravi:

395 816 557 889 Quum
588 816 736 866 libros
766 815 906 867 Galli
945 817 1146 886 legerem
1168 852 1184 875 ,
1223 817 1388 885 quibus
1415 818 1507 869 ille
1522 817 1723 887 parenti

390 887 550 958 Ausus
576 890 632 939 de
667 891 892 941 Cleerone
922 894 1059 941 daret
1075 893 1375 960 palmamque
1398 892 1626 961 decusque
1653 926 1676 951 ‚

390 960 643 1029 Lascivum
674 964 833 1014 inveni
866 963 1016 1032 lusum
1048 967 1327 1023 Ciceronis,
1364 967 1410 1015 6·
1445 967 1538 1016 illo

393 1036 703 1105 Spei-landum
743 1038 931 1107 ingenio
957 1074 973 1095 ,
1016 1057 1105 1105 quo
1135 1036 1268 1105 seria
1305 1041 1566 1098 condidit,
1610 1039 1656 1090 6·
1690 1057 1780 1108 quo

325 1131 330 1136 ’
392 1109 630 1161 Humanis
659 1108 842 1178 salibus
864 1147 879 1170 ,
921 1114 1072 1162 multo
1103 1114 1330 1180 varioque
1353 1114 1517 1181 lepore

392 1184 683 1253 Magnorum
718 1186 921 1248 ostendit
952 1201 1129 1236 mentes
1163 1189 1368 1255 gaudere
1402 1187 1632 1237 virorum.

399 1258 528 1309 Nam
553 1258 761 1326 queritur
779 1258 1090 1325 qubdftaude
1121 1261 1254 1309 mald
1264 1259 1520 1326 frustratus
1545 1273 1783 1311 amantem

398 1330 615 1382 Paucula
646 1347 826 1382 coenato
856 1332 947 1381 sibi
979 1332 1139 1381 debita
1154 1330 1298 1395 savia
1330 1334 1447 1383 Tiro

402 1405 631 1473 Tempore
661 1406 885 1455 noel-lurae
918 1401 1232 1471 subtraxerit.
1276 1406 1372 1456 His
1415 1425 1499 1476 ego
1531 1407 1671 1457 leffis
1696 1439 1713 1465 ,

402 1481 500 1529 Cur
521 1479 627 1545 post
657 1480 751 1528 ἤιε
774 1512 789 1537 ,
818 1478 1005 1545 inquam
1025 1513 1041 1536 ,
1066 1480 1247 1541 nostros
1283 1481 1487 1531 celamus
1509 1499 1699 1530 amores
1721 1479 1749 1530 ‚⁹

398 1552 691 1620 Nullamque
722 1557 775 1603 in
813 1552 1011 1602 medium
1044 1552 1198 1603 timidi
1227 1556 1388 1605 damus
1409 1556 1435 1606 ‚⁹
1469 1569 1612 1623 atque
1641 1553 1786 1621 fate-

496 1644 600 1676 mur

406 1697 687 1767 Tironisque
728 1698 903 1756 dolos,
946 1697 1141 1749 Tit-ouis
1172 1698 1300 1766 noffe
1329 1698 1529 1770 fugaces

402 1772 688 1823 Blanditias
710 1806 728 1829 ‚
769 1773 815 1821 6·
836 1770 978 1839 flat-ta
1006 1790 1155 1823 novas
1192 1776 1420 1824 addentia
1433 1776 1662 1843 flammas
1685 1773 1716 1826 ‚⁹

330 1871 545 1926 Transii
581 1872 645 1923 ad
680 1873 861 1940 elegos
885 1887 902 1929 ·‚
936 1870 1039 1921 hos
1065 1886 1281 1939 quoque
1306 1889 1419 1924 non
1448 1872 1629 1925 minus
1655 1874 1788 1927 cele·

331 1945 464 1999 riter
495 1944 765 2013 explicui:
800 1942 972 1995 addidi
1011 1943 1148 1996 alios
1184 1945 1435 1997 facilitate
1465 1962 1787 2016 corruptus:

335 2018 527 2072 deinde
565 2019 624 2070 in
653 2019 838 2070 urbem
868 2017 1111 2070 reversus
1135 2057 1151 2080 ,
1188 2018 1451 2072 sodalibus
1482 2021 1613 2089 legi.
1669 2020 1792 2073 Pro·

332 2093 613 2147 baverunt.
675 2091 885 2144 Deinde
932 2092 1084 2159 plura
1125 2086 1293 2144 metra
1325 2131 1340 2155 ,
1381 2092 1429 2145 si
1473 2095 1605 2162 quid
1642 2094 1748 2146 otii
1779 2133 1793 2160 ,

336 2166 574 2220 maxime
621 2165 679 2218 in
716 2165 909 2217 itinere
931 2203 946 2227 ,
992 2164 1227 2231 tentavi„
1275 2164 1552 2219 Postremo
1590 2166 1788 2235 placuit

334 2242 592 2309 exemplo
624 2241 914 2292 multorum
943 2254 1112 2290 unum
1142 2237 1423 2307 separatim
1443 2240 1788 2310 hendecasyl-

336 2315 583 2366 laborum
618 2315 877 2365 volumen
911 2312 1216 2374 absolvere,
1255 2328 1353 2365 nec
1389 2313 1648 2381 poenitet.
1693 2315 1789 2366 Le·

340 2387 484 2458 gitur
509 2426 525 2451 ‚
558 2385 862 2439 describitur
883 2424 899 2448 ,
938 2400 1176 2437 cantatur
1205 2384 1367 2437 etiam
1391 2405 1407 2446 3
1447 2387 1500 2438 δι
1531 2404 1562 2439 a
1586 2385 1789 2440 Graecis

340 2477 561 2531 quoque
584 2499 598 2524 ,
632 2477 769 2528 quos
806 2457 996 2511 Latine
1023 2458 1178 2525 hujus
1201 2458 1368 2510 libelli
1389 2476 1541 2512 amor
1567 2461 1756 2513 docuit
1774 2501 1788 2525 ,

341 2550 486 2587 nunc
509 2533 704 2586 cithara
721 2572 735 2596 ‚
763 2549 903 2584 nunc
922 2531 1042 2602 lyra
1062 2532 1392 2600 personatur.
1415 2534 1519 2585 Sed
1537 2534 1672 2602 quid
1694 2551 1788 2603 ego

342 2623 456 2660 tam
490 2605 771 2677 gloriose?
805 2623 1127 2675 quamquam
1163 2605 1342 2674 poetis
1372 2606 1546 2659 furere
1584 2607 1793 2659 conces·

343 2682 461 2736 sum
485 2681 595 2741 est3
629 2681 682 2733 δε
701 2695 883 2733 tamen
910 2696 1026 2732 non
1055 2681 1118 2731 de
1138 2696 1263 2731 meo
1283 2718 1300 2743 ‚
1338 2679 1427 2731 sed
1463 2681 1526 2732 de
1565 2681 1788 2734 aliorum

341 2753 549 2823 judicio
588 2757 784 2823 loquor
810 2792 824 2816 ‚
863 2752 957 2821 qui
983 2753 1100 2806 sive
1120 2751 1356 2818 judicant
1376 2792 1391 2816 ‚
1433 2752 1551 2806 sive
1582 2768 1755 2806 errant
1773 2791 1787 2815 ‚

346 2846 435 2881 me
459 2827 735 2882 deleaant.
770 2828 954 2878 Unum
986 2843 1176 2895 precor
1198 2866 1214 2890 ,
1250 2840 1309 2877 ut
1345 2825 1542 2894 posteri
1579 2842 1788 2899 quoque

348 2915 439 2955 aut
467 2915 644 2958 errent
671 2900 955 2968 similiter²
987 2915 1079 2956 aut
1111 2898 1367 2969 iudicent.
1404 2900 1568 2960 Vale.
