1951 3720
389 326 1295 400 EPISTOLAE.Lib.IX.
1453 351 1585 424 291

237 451 528 506 XXXV.
569 453 899 506 Pin-uus
942 453 1194 507 Orno
1238 463 1386 504 suo
1427 452 1484 505 S.

207 576 414 629 Librum
454 579 519 627 ad
549 575 605 646 se
654 576 828 644 miffum
868 577 1135 645 pollicetur
1157 571 1214 642 se
1263 575 1518 630 ledarum.

656 691 789 742 quum
824 672 1088 724 vacaverit.

142 759 225 852 L
250 808 517 849 naum
575 812 735 863 quem
788 795 979 848 misisti
1036 793 1254 862 recepi,
1299 794 1352 846 δι
1407 794 1601 863 gratias

140 888 286 941 ago:
320 860 440 922 sum
480 883 659 921 tamen
698 871 803 922 hoc
846 885 1091 938 tempore
1130 869 1604 936 occupatissimus,

137 946 268 997 Ideo
322 945 568 994 nondum
606 960 730 995 eum
768 944 924 1012 legi,
970 959 1136 1012 quum
1177 942 1422 1009 alioquin
1460 940 1605 993 vali·

138 1016 366 1085 dissime
421 1017 635 1084 cupiam
676 1038 689 1069 :
740 1017 828 1069 sed
864 1033 983 1068 eam
1028 1015 1386 1069 reverentiam
1436 1029 1603 1082 quum

137 1090 342 1143 litteris
363 1091 499 1158 ipsis
526 1129 542 1152 ‚
570 1104 684 1142 tum
706 1090 913 1157 scriptis
951 1089 1058 1142 tuis
1083 1091 1250 1142 debeo
1266 1127 1280 1151 ,
1307 1104 1365 1140 ut
1395 1088 1605 1140 sumere

138 1162 229 1216 illa
263 1203 281 1228 ,
326 1163 437 1216 nisi
491 1180 667 1215 vacuo
716 1164 897 1215 animo
931 1202 946 1227 ‚
989 1162 1350 1231 irreligiosum
1396 1176 1604 1228 putem.

137 1237 506 1306 Diligentiam
536 1251 683 1288 tuam
715 1236 773 1288 in
797 1236 1137 1288 retr-afflindis
1173 1235 1425 1302 operibus
1448 1236 1606 1286 valde
1630 1278 1631 1281 ,

135 1313 340 1380 probo,
388 1310 474 1361 Est
510 1324 687 1360 tamen
716 1310 911 1378 aliquis
934 1312 1126 1363 modus
1148 1348 1164 1371 ,
1196 1307 1428 1376 primum
1459 1306 1606 1376 quod

137 1384 317 1436 nimia
340 1401 468 1435 cura
493 1384 685 1435 deterit
709 1384 877 1452 magis
911 1382 1072 1452 quam
1104 1384 1348 1435 emendat
1369 1401 1385 1440 3
1412 1381 1607 1433 deinde

137 1457 299 1527 quod
331 1474 437 1509 nos
468 1473 500 1508 a
516 1457 901 1508 recentioribus
922 1472 1142 1509 revocat
1163 1496 1179 1518 ‚
1218 1456 1484 1524 simulque
1507 1472 1606 1506 nec

135 1530 394 1656 absolvixtf
394 1529 635 1655 a{nior-121,
659 1531 712 1582 δε
752 1530 1008 1584 inchoare
1047 1530 1340 1598 posteriora
1375 1546 1487 1581 non
1510 1544 1603 1596 pa·

137 1618 299 1657 ntur.
447 1620 497 1657 e.

229 1723 558 1778 XXXVI.
596 1723 933 1776 Puuxvs
973 1724 1225 1776 Fusco
1269 1736 1416 1775 suo
1459 1724 1515 1777 S.
1554 1748 1567 1760 1

173 1845 418 1916 Exponit
452 1863 548 1913 quae
586 1845 649 1896 sie
680 1844 807 1896 ratio
838 1845 1100 1909 stuAIorum
1120 1843 1312 1915 suorum
1341 1847 1389 1897 in
1426 1846 1570 1900 villa.

140 1946 245 2067 Q
276 2006 495 2046 UAElus
517 1994 999 2062 quemadmodum
986 2011 1046 2045 in
1067 1994 1253 2047 Tuscis
1275 1994 1413 2049 diem
1435 1996 1608 2049 aestate

135 2069 457 2137 disponam.
530 2066 748 2135 Evigilo
800 2084 964 2135 quum
1016 2068 1175 2119 libuit
1219 2108 1234 2132 ,
1293 2072 1608 2139 plerumque

135 2141 292 2194 circa
324 2143 515 2193 horam
548 2141 817 2209 primam,
851 2140 988 2209 saepe
1027 2141 1184 2204 ante,
1222 2143 1417 2196 tardius
1468 2143 1608 2199 raro.

136 2215 362 2268 Clausae
419 2213 653 2266 fenestrae
705 2229 921 2266 manent
960 2234 972 2266 :
1020 2214 1155 2268 mire
1205 2217 1349 2267 enim
1386 2217 1605 2271 silentio

134 2290 194 2342 &
237 2288 485 2341 tenebris
523 2288 730 2339 animus
766 2288 942 2341 alitur.
993 2290 1074 2341 Ab
1111 2289 1176 2340 iis
1217 2307 1333 2358 quae
1380 2307 1609 2345 avocant

131 2362 412 2416 abdut‘lms
433 2400 448 2425 ‚
490 2362 542 2413 &
578 2362 712 2413 liber
735 2401 750 2424 ,
779 2363 836 2418 &
865 2361 1000 2413 mihi
1031 2362 1245 2415 relictus
1271 2403 1285 2427 ,
1327 2381 1438 2416 non
1475 2382 1606 2418 ocu-

130 2440 228 2490 los
278 2436 470 2487 animo
512 2473 531 2497 ‚
582 2435 670 2485 sed
705 2434 943 2486 animum
988 2435 1161 2486 oculis
1216 2436 1409 2505 sequor
1444 2478 1459 2501 ,
1515 2440 1607 2507 qui

128 2513 341 2563 eadem
386 2526 505 2575 quae
549 2524 699 2559 mens
733 2510 971 2570 vident,
1016 2509 1228 2576 quoties
1267 2528 1378 2561 non
1424 2515 1610 2563 vident

129 2585 273 2636 alia.
329 2581 531 2649 Cogito
569 2581 614 2632 si
640 2580 800 2648 quid
791 2599 846 2631 m
875 2583 1153 2644 manibu3‚
1185 2583 1370 2651 cogito
1397 2587 1459 2635 ad
1484 2603 1610 2637 ver-

125 2660 283 2711 bum
324 2653 574 2706 scribenti
598 2654 1003 2722 emendantique
1041 2654 1453 2718 simi12s‚nunc
1477 2676 1607 2725 pau-

126 2732 344 2792 ciora,
390 2744 533 2779 nunc
573 2729 763 2793 plura,
801 2742 861 2778 ut
901 2730 992 2778 vel
1036 2723 1282 2792 difficile,
1322 2733 1410 2781 vel
1453 2731 1608 2785 facile

126 2801 425 2869 componi
463 2800 705 2852 tenerive
741 2816 1048 2868 potuerunt.
1099 2768 1377 2855 Notarium
1420 2821 1564 2855 voco
1591 2843 1608 2868 ‚

126 2879 194 2931 &
220 2917 241 2940 ‚
283 2875 372 2927 die
413 2871 664 2938 admiff0‚
698 2890 813 2942 quae
836 2875 1192 2928 formaveram
1215 2916 1229 2939 ,
1262 2873 1436 2927 dit't'to:
1465 2876 1605 2940 abit,

124 2948 445 3018 rursusque
474 2959 758 3002 revocatur
781 2986 800 3014 ,
835 2948 1113 3019 rursusque
1151 2949 1457 3003 remittitur.
1495 2951 1605 3004 Ubi

1247 3023 1298 3075 N
1321 3020 1359 3089 ij
