1951 3720
349 298 441 369 66
693 296 953 364 CAtt
1017 293 1442 364 PLINII

347 413 481 468 mihi
517 412 723 468 cursum
747 455 760 479 ‚
791 419 1034 468 eumdem
1067 415 1354 468 terminum
1385 414 1594 475 statu03
1628 415 1797 485 idque

347 486 452 555 jam
470 503 608 541 nunc
626 492 763 557 apud
776 504 828 541 te
847 490 1126 560 subsign03
1147 504 1206 540 ut
1226 491 1272 541 si
1292 506 1377 540 me
1389 491 1607 560 longius
1630 487 1797 543 evehi

346 560 547 614 videris
562 601 577 625 ‚
601 561 756 626 injus
777 579 940 616 voces
960 565 1024 615 ad
1043 565 1174 614 hanc
1199 560 1471 629 epistolam
1495 579 1671 615 meam
1693 602 1709 626 ‚
1742 564 1797 614 δε

349 636 617 761 (θιίεΐεετε
646 634 825 701 jubeas
845 642 873 700 ‚⁷
883 654 1049 705 quum
1073 636 1278 688 inertiae
1303 637 1507 689 crimen
1524 635 1795 707 effugero.

412 709 511 762 ale.

470 820 551 875 11.
604 819 929 877 Funus
984 820 1330 875 Maximo
1384 834 1532 875 suo
1582 822 1639 878 S.

769 935 1026 990 Attianum
1064 936 1373 987 commendat.

354 1024 448 1148 Q
473 1090 632 1131 uon
669 1076 780 1147 ipse
822 1077 1007 1133 amicis
1042 1078 1148 1133 tuis
1185 1075 1521 1142 obtulissem,
1565 1076 1614 1131 si
1655 1077 1798 1132 mihi

349 1152 532 1203 eadem
557 1153 773 1205 materia
794 1152 1095 1223 suppeteret
1115 1191 1130 1215 ‚
1164 1153 1217 1205 id
1241 1167 1380 1205 nunc
1409 1149 1523 1217 jure
1545 1149 1750 1206 videor
1769 1167 1801 1205 a

347 1235 403 1275 te
427 1222 551 1277 meis
575 1223 853 1293 petiturus.
901 1223 1150 1294 Arrianus
1172 1224 1436 1278 Maturius
1471 1222 1799 1278 Altinatium

347 1293 421 1351 est
445 1295 708 1366 princeps.
742 1298 924 1366 Quum
948 1297 1069 1351 dico
1093 1297 1339 1366 princeps
1360 1335 1375 1361 ,
1396 1312 1509 1349 non
1527 1297 1591 1350 de
1620 1297 1795 1351 facul-

348 1369 542 1422 tatibus
573 1373 770 1440 loquor
795 1410 809 1436 ‚
843 1388 959 1440 quae
995 1369 1077 1424 illi
1098 1368 1242 1442 large
1262 1369 1535 1438 supersunt
1555 1408 1572 1433 ‚
1613 1371 1710 1423 sed
1734 1372 1800 1424 de

349 1440 583 1496 castitate
601 1482 618 1507 ‚
663 1442 855 1508 justitia
879 1483 894 1508 ,
931 1443 1192 1516 gravitate
1213 1482 1227 1508 ‚
1266 1443 1561 1512 prudentia.
1621 1441 1798 1507 Hujus

348 1530 452 1584 ego
483 1515 713 1570 consilio
745 1515 802 1569 in
824 1517 1057 1588 negotiis
1079 1556 1093 1580 ‚
1126 1516 1324 1583 iudicio
1356 1516 1414 1568 in
1443 1515 1621 1570 studiis
1640 1531 1795 1572 utor.

270 1635 291 1649 .
348 1588 487 1643 Nam
524 1589 813 1657 plurimum
835 1589 938 1644 fide
960 1629 974 1655 ‚
1012 1589 1301 1659 plurimum
1325 1590 1549 1643 veritate
1573 1628 1588 1652 ‚
1621 1589 1799 1657 pluri·

350 1661 500 1716 mum
525 1662 876 1748 intelligentia
914 1663 1134 1733 praestat.
1174 1664 1333 1714 Amat
1355 1679 1442 1714 me
1466 1661 1638 1729 (nihil
1664 1663 1797 1730 pos-

350 1734 468 1788 sum
519 1738 783 1790 ardentius
825 1736 999 1790 dicere
1034 1737 1056 1805 )
1105 1749 1164 1788 ut
1211 1750 1286 1789 tu.
1350 1737 1504 1788 Caret
1545 1736 1797 1796 ambitu3

351 1805 473 1863 ideo
519 1809 572 1863 se
617 1809 676 1863 in
716 1809 941 1880 equestri
978 1811 1139 1880 gradu
1183 1807 1391 1872 tenuit,
1433 1824 1596 1878 quum
1632 1807 1797 1863 facil'e

349 1881 522 1951 poffet
544 1883 852 1936 adscendere
870 1884 1205 1936 altissimum.
1229 1882 1370 1934 Mihi
1392 1897 1572 1935 tamen
1591 1898 1797 1935 ornan-

351 1955 446 2008 dus
501 1956 924 2026 excolendusque
971 1954 1063 2008 est.
1123 1957 1307 2024 Itaque
1359 1954 1536 2024 magni
1587 1955 1805 2009 aestimo‘

351 2026 597 2097 dignitati
630 2026 744 2093 ejus
776 2028 975 2098 aliquid
999 2026 1253 2080 adstruere
1283 2026 1643 2097 inopinantis,
1671 2028 1795 2081 nes·

351 2100 542 2153 cientis
565 2141 579 2164 ‚
618 2101 786 2154 immo
813 2102 972 2153 etiam
996 2100 1206 2154 fortaffe
1230 2100 1498 2154 nolentis:
1532 2101 1796 2155 adstruere

351 2189 529 2227 autem
560 2174 704 2243 quod
723 2173 792 2226 sit
815 2174 1143 2243 splendidum
1177 2191 1274 2227 nec
1293 2173 1610 2234 molestum3
1640 2174 1795 2240 cujus

353 2247 562 2317 generis
588 2285 603 2310 ‚
647 2264 763 2314 quae
801 2248 971 2316 prima
1013 2247 1225 2301 occasio
1263 2246 1361 2301 tihi
1395 2287 1411 2311 ‚
1450 2248 1692 2301 conferas
1734 2248 1796 2301 in

351 2336 475 2374 eum
502 2358 517 2382 ‚
556 2336 691 2388 rogo
717 2340 730 2374 ι
766 2320 978 2374 habebis
1005 2338 1120 2384 me,
1144 2320 1357 2374 habebis
1388 2320 1562 2387 ipsum
1596 2320 1792 2391 gratis-

353 2392 551 2448 simum
571 2392 882 2450 debitorem.
918 2394 1182 2461 Quamvis
1202 2394 1348 2448 enim
1377 2393 1471 2446 ista
1490 2410 1603 2446 non
1626 2411 1792 2463 appe·-

352 2479 468 2592 tats‚
509 2465 792 2596 rank-{tate
826 2482 1007 2521 tamen
1045 2466 1250 2539 excipit
1275 2506 1291 2533 ‚
1330 2465 1488 2539 quam
1512 2467 1559 2521 si
1589 2484 1792 2522 concu-

354 2554 413 2608 pi
439 2554 538 2595 cat.
692 2556 739 2596 e.
