1951 3720
441 335 586 403 402
736 313 1569 383 PANEGYRIcvs

419 435 637 502 quando
681 449 795 487 non
813 430 1071 486 trabibus
1115 447 1206 486 aut
1246 433 1387 486 saxis
1432 450 1634 486 nornen
1675 447 1814 487 tuum
1832 474 1846 499 ‚

422 507 516 560 sed
548 508 917 561 monumentis
958 523 1168 560 aeternae
1205 508 1377 560 laudis
1411 507 1687 561 inciditur.

498 581 618 634 LV
663 581 767 633 Ibit
801 580 859 632 in
893 581 1066 634 secula
1100 579 1250 634 fuiffe
1284 580 1628 650 Principem,
1656 580 1741 633 cui
1768 581 1849 634 flo-

425 654 567 706 renti
608 655 661 706 &
698 654 960 707 incolumi
996 671 1286 723 numquam
1321 655 1428 708 nisi
1465 653 1674 711 modici
1705 656 1852 706 hono·

425 743 512 779 res
537 766 553 790 ‚
578 727 766 796 saepius
802 727 936 780 nulli
979 729 1400 787 decernerentur.
1432 729 1499 780 Et
1532 727 1660 781 sane
1695 727 1741 779 si
1771 746 1852 781 ve-

425 799 588 854 limus
630 818 751 854 cum
784 801 1027 870 priorum
1063 816 1368 870 temporum
1401 803 1723 854 necessitate
1756 818 1850 852 cer·

425 887 538 926 tare
563 913 578 938 ‚
609 875 908 928 vincemur.
948 875 1291 945 ingeniosior
1324 875 1399 928 est
1431 876 1580 927 enim
1624 876 1692 927 ad
1719 891 1852 927 exco-

425 948 698 1016 gitandum
735 948 1010 1003 simulatio
1039 948 1266 1001 veritate
1290 988 1307 1013 ,
1333 949 1563 1001 servitus
1593 949 1849 1011 libertate,

413 1018 599 1073 ‘metus
641 1038 843 1075 amore.
883 1021 1054 1076 Simul
1097 1039 1262 1091 quum
1293 1021 1617 1090 jampridem
1662 1021 1849 1074 novitas

424 1093 606 1147 omnis
654 1096 956 1149 adulatione
1017 1097 1332 1165 consumpta
1390 1096 1461 1148 sit
1499 1134 1518 1158 ,
1573 1113 1695 1148 non
1740 1095 1850 1148 alius

422 1181 549 1235 erga
592 1182 647 1220 te
706 1185 885 1223 novus
925 1170 1105 1221 honor
1157 1168 1425 1237 superest
1462 1185 1635 1237 quam
1687 1169 1733 1220 si
1773 1169 1849 1221 ali-

422 1242 636 1308 quando
667 1243 731 1294 de
768 1257 821 1294 te
853 1257 1025 1296 tacere
1055 1244 1355 1297 audeamus.
1387 1244 1543 1312 Age,
1571 1242 1628 1295 si
1670 1244 1850 1310 quando
1898 1280 1899 1293 ,

423 1311 595 1381 pietas
636 1313 810 1367 nostra
848 1314 1121 1368 silentium
1163 1315 1340 1384 rupit
1339 1355 1354 1379 ‚
1396 1317 1450 1368 δι
1492 1316 1850 1368 verecundiam

409 1399 570 1439 ,tuam
597 1387 767 1453 vicit,
789 1405 906 1457 quae
939 1389 1219 1458 qualiaque
1252 1404 1343 1442 aut
1372 1388 1715 1441 decernimus
1736 1406 1821 1441 nos
1835 1427 1848 1451 ,

405 1474 515 1511 ¹aut
544 1475 606 1513 tu
644 1477 757 1513 non
790 1462 995 1517 recusas
1029 1465 1052 1516 ἓ
1091 1478 1151 1514 ut
1190 1477 1437 1530 appareat
1472 1476 1592 1515 non
1636 1461 1850 1530 superbia

343 1542 351 1552 “
425 1531 480 1583 δε
514 1531 719 1589 fastidio
765 1548 819 1587 te
857 1535 1221 1604 amplissimos
1262 1538 1499 1588 honores
1549 1535 1817 1604 repudiare
1835 1574 1849 1598 ‚

423 1605 536 1672 qui
574 1607 809 1663 minores
855 1626 970 1690 non
1015 1610 1355 1678 dedigneris.-
1386 1609 1673 1661 Pulchr-ius
1715 1611 1809 1661 hoc
1836 1648 1849 1671 ,
1898 1660 1899 1683 ᾖ

405 1679 600 1732 ,Caesar
619 1717 635 1744 ‚
660 1698 818 1749 quam
852 1681 901 1734 si
929 1682 1192 1735 recusares
1222 1676 1447 1734 omnes.
1470 1699 1602 1734 nam
1643 1682 1853 1734 recusare

420 1768 647 1815 ornnes»,
680 1753 1030 1808 ambitionis·
1019 1790 1035 1815 ‚
1069 1755 1455 1810 moderationis
1503 1755 1632 1819 est,
1680 1757 1851 1826 eligere
1898 1776 1899 1801 ι

420 1826 783 1893 parcissimos.
832 1829 958 1894 Quo
1017 1843 1439 1898 temperamento
1497 1830 1552 1883 &
1605 1829 1762 1883 nobis
1811 1830 1850 1882 ἃ
1898 1854 1899 1874 1

421 1900 610 1956 aerario
647 1901 917 1962 consulis·,
948 1903 1106 1956 nobis
1145 1903 1359 1971 quidem
1384 1943 1401 1967 ‚
1431 1902 1586 1972 quod
1625 1905 1773 1956 omni
1796 1905 1851 1955 li·
1898 1905 1899 1966 ζ

420 1973 571 2026 beras
607 1975 948 2043 suspicione·,
987 1976 1174 2029 aerario
1207 1992 1386 2038 autem
1409 2016 1424 2038 ,
1456 1975 1614 2045 quod
1650 1978 1848 2046 sumpti·
1898 2003 1899 2012 1

338 2096 341 2101 .
407 2047 516 2099 bus
560 2046 673 2112 ejus
722 2048 935 2101 adhibes
984 2050 1206 2103 modum
1243 2089 1261 2113 ‚
1308 2064 1369 2102 ut
1413 2051 1508 2118 qui
1554 2052 1851 2103 exhaustum

420 2136 534 2172 non
591 2119 665 2174 sis
715 2121 1084 2176 innocentium
1138 2123 1296 2176 bonis
1349 2127 1679 2191 repleturus.
1723 2127 1852 2176 Stant

418 2191 584 2260 igitur
620 2194 820 2264 effigies
857 2211 961 2248 tuae
995 2234 1011 2258 ‚
1050 2198 1231 2263 quales
1276 2196 1414 2249 olim
1449 2198 1519 2249 ob
1552 2198 1774 2267 egregia
1805 2199 1850 2248 in
1898 2257 1899 2262 ἵ

401 2268 799 2335 rempublicam
830 2268 1020 2322 merita
1048 2268 1272 2337 privatis
1309 2270 1637 2332 dicabantur.
1678 2272 1853 2323 Visun-

418 2352 506 2391 tur
549 2342 730 2393 eadem
767 2360 799 2394 e
832 2342 1054 2408 materia
1087 2342 1304 2395 caesaris
1340 2342 1518 2395 statuae
1540 2382 1556 2407 ‚
1603 2346 1712 2413 qua
1747 2346 1852 2396 Bru·

418 2426 604 2466 torum
634 2453 649 2477 ‚
673 2414 805 2483 ‚qua
842 2414 1226 2469 Camiliornm:
1253 2433 1353 2469 nec
1389 2417 1660 2485 discrepat
1699 2418 1852 2471 causa:
1898 2417 1899 2428 ¹

418 2486 506 2539 Illi
545 2485 699 2540 enim
738 2506 887 2558 reges
936 2488 1247 2559 hostemque
1285 2490 1550 2544 viRorem
1599 2492 1853 2545 rnoenibus

420 2562 779 2629 depulerunt·
769 2599 785 2623 ‚
829 2562 917 2616 hic
951 2580 1190 2631 regnum
1230 2563 1445 2632 ipsum,
1485 2581 1717 2634 quaeque
1765 2566 1851 2617 alia

420 2634 703 2702 captivitas
734 2635 944 2705 gignit,
969 2651 1113 2690 arcet
1134 2654 1195 2689 ac
1224 2638 1544 2702 submovet,
1581 2640 1850 2707 sedemque

376 2747 388 2764 .
420 2706 630 2762 obtinet
683 2708 943 2777 Principis
982 2749 999 2773 ‚
1047 2727 1115 2763 ne
1167 2710 1239 2770 sit
1288 2711 1515 2767 domino
1563 2714 1739 2765 locus.
1783 2713 1848 2763 Ac

407 2780 576 2834 >mihi
600 2780 829 2836 intuenti
865 2781 1182 2851 sapientiam
1204 2798 1410 2848 t,tuam
1448 2784 1628 2837 minus
1668 2786 1847 2837 mirum

401 2854 636 2913 videtur
654 2893 670 2918 ‚
702 2852 847 2924 quod
871 2859 1145 2910 mortales·
1170 2856 1303 2910 istos
1327 2859 1655 2927 caducosque
1674 2859 1850 2911 titulos

420 2940 513 2982 aut
547 2928 858 2998 (depreceris
892 2966 914 2999 ,
942 2933 1034 2983 aut
1076 2935 1365 3001 temperes.
1412 2931 1528 2992 Scis
1578 2933 1731 2987 enim
1768 2929 1848 2983 ubi
