<?xml version="1.0" encoding="UTF-8"?>
<!DOCTYPE html PUBLIC "-//W3C//DTD XHTML 1.0 Transitional//EN"
    "http://www.w3.org/TR/xhtml1/DTD/xhtml1-transitional.dtd">
<html xmlns="http://www.w3.org/1999/xhtml" xml:lang="en" lang="en">
 <head>
  <title>
</title>
<meta http-equiv="Content-Type" content="text/html;charset=utf-8" />
  <meta name='ocr-system' content='tesseract 3.04.00' />
  <meta name='ocr-capabilities' content='ocr_page ocr_carea ocr_par ocr_line ocrx_word'/>
</head>
<body>
  <div class='ocr_page' id='page_1' title='image "./panegyricus00lallgoog_0222.png"; bbox 0 0 1951 3720; ppageno 0'>
   <div class='ocr_carea' id='block_1_1' title="bbox 387 311 1454 405">
    <p class='ocr_par' dir='ltr' id='par_1_1' title="bbox 387 311 1454 405">
     <span class='ocr_line' id='line_1_1' title="bbox 387 311 1454 405; baseline -0.005 -22"><span class='ocrx_word' id='word_1_1' title='bbox 387 335 521 405; x_wconf 87' lang='lat'>194</span> <span class='ocrx_word' id='word_1_2' title='bbox 686 312 957 380; x_wconf 75' lang='lat' dir='ltr'>CAtz</span> <span class='ocrx_word' id='word_1_3' title='bbox 1031 311 1454 380; x_wconf 76' lang='lat' dir='ltr'><em>PLINII</em></span> 
     </span>
    </p>
   </div>
   <div class='ocr_carea' id='block_1_2' title="bbox 372 433 1802 1311">
    <p class='ocr_par' dir='ltr' id='par_1_2' title="bbox 372 433 1802 1311">
     <span class='ocr_line' id='line_1_2' title="bbox 377 433 1793 508; baseline 0.001 -21"><span class='ocrx_word' id='word_1_4' title='bbox 377 433 576 506; x_wconf 82' lang='lat' dir='ltr'>Tutilii</span> <span class='ocrx_word' id='word_1_5' title='bbox 596 450 850 503; x_wconf 85' lang='lat' dir='ltr'>neptem,</span> <span class='ocrx_word' id='word_1_6' title='bbox 883 450 1049 508; x_wconf 82' lang='lat' dir='ltr'>quum</span> <span class='ocrx_word' id='word_1_7' title='bbox 1072 448 1254 488; x_wconf 84' lang='lat' dir='ltr'>tamen</span> <span class='ocrx_word' id='word_1_8' title='bbox 1277 433 1351 486; x_wconf 88' lang='lat' dir='ltr'>sit</span> <span class='ocrx_word' id='word_1_9' title='bbox 1381 447 1605 502; x_wconf 78' lang='lat' dir='ltr'>nuptura</span> <span class='ocrx_word' id='word_1_10' title='bbox 1624 433 1793 489; x_wconf 87' lang='lat' dir='ltr'>hones·-</span> 
     </span>
     <span class='ocr_line' id='line_1_3' title="bbox 372 507 1795 571; baseline 0.003 -11"><span class='ocrx_word' id='word_1_11' title='bbox 372 509 593 561; x_wconf 83' lang='lat' dir='ltr'>tissimo</span> <span class='ocrx_word' id='word_1_12' title='bbox 629 509 754 561; x_wconf 84' lang='lat' dir='ltr'>viro</span> <span class='ocrx_word' id='word_1_13' title='bbox 791 509 977 561; x_wconf 88' lang='lat' dir='ltr'>Nonio</span> <span class='ocrx_word' id='word_1_14' title='bbox 1029 508 1241 571; x_wconf 81' lang='lat' dir='ltr'>Celeri,</span> <span class='ocrx_word' id='word_1_15' title='bbox 1283 508 1370 560; x_wconf 90' lang='lat' dir='ltr'>cui</span> <span class='ocrx_word' id='word_1_16' title='bbox 1403 508 1538 561; x_wconf 85' lang='lat' dir='ltr'>ratio</span> <span class='ocrx_word' id='word_1_17' title='bbox 1576 507 1795 564; x_wconf 86' lang='lat' dir='ltr'>civilium</span> 
     </span>
     <span class='ocr_line' id='line_1_4' title="bbox 374 582 1792 651; baseline -0.001 -15"><span class='ocrx_word' id='word_1_18' title='bbox 374 584 677 637; x_wconf 87' lang='lat' dir='ltr'>officiorum</span> <span class='ocrx_word' id='word_1_19' title='bbox 708 582 1079 640; x_wconf 87' lang='lat' dir='ltr'>necessitatem</span> <span class='ocrx_word' id='word_1_20' title='bbox 1106 583 1389 650; x_wconf 83' lang='lat' dir='ltr'>quamdam</span> <span class='ocrx_word' id='word_1_21' title='bbox 1426 582 1616 635; x_wconf 88' lang='lat' dir='ltr'>nitoris</span> <span class='ocrx_word' id='word_1_22' title='bbox 1639 584 1792 651; x_wconf 88' lang='lat' dir='ltr'>impo-</span> 
     </span>
     <span class='ocr_line' id='line_1_5' title="bbox 373 656 1796 722; baseline 0 -13"><span class='ocrx_word' id='word_1_23' title='bbox 373 657 495 716; x_wconf 78' lang='lat' dir='ltr'>nit3</span> <span class='ocrx_word' id='word_1_24' title='bbox 535 658 687 709; x_wconf 86' lang='lat' dir='ltr'>debet</span> <span class='ocrx_word' id='word_1_25' title='bbox 725 657 1006 709; x_wconf 69' lang='lat' dir='ltr'>secundum</span> <span class='ocrx_word' id='word_1_26' title='bbox 1050 657 1392 709; x_wconf 89' lang='lat' dir='ltr'>conditiones</span> <span class='ocrx_word' id='word_1_27' title='bbox 1431 656 1605 709; x_wconf 85' lang='lat' dir='ltr'>mariti</span> <span class='ocrx_word' id='word_1_28' title='bbox 1635 657 1796 722; x_wconf 80' lang='lat' dir='ltr'>veste,</span> 
     </span>
     <span class='ocr_line' id='line_1_6' title="bbox 376 730 1796 800; baseline 0 -17"><span class='ocrx_word' id='word_1_29' title='bbox 376 730 640 783; x_wconf 86' lang='lat' dir='ltr'>comitatu</span> <span class='ocrx_word' id='word_1_30' title='bbox 666 731 688 799; x_wconf 88' lang='lat'><strong>(</strong></span> <span class='ocrx_word' id='word_1_31' title='bbox 714 731 903 799; x_wconf 87' lang='lat' dir='ltr'>quibus</span> <span class='ocrx_word' id='word_1_32' title='bbox 929 748 1042 782; x_wconf 89' lang='lat' dir='ltr'>non</span> <span class='ocrx_word' id='word_1_33' title='bbox 1067 731 1282 799; x_wconf 89' lang='lat' dir='ltr'>quidem</span> <span class='ocrx_word' id='word_1_34' title='bbox 1312 745 1534 800; x_wconf 87' lang='lat' dir='ltr'>augetur</span> <span class='ocrx_word' id='word_1_35' title='bbox 1556 731 1764 800; x_wconf 81' lang='lat' dir='ltr'>dignitas</span> <span class='ocrx_word' id='word_1_36' title='bbox 1782 770 1796 795; x_wconf 87' lang='lat'>‚</span> 
     </span>
     <span class='ocr_line' id='line_1_7' title="bbox 377 803 1798 873; baseline 0 -17"><span class='ocrx_word' id='word_1_37' title='bbox 377 820 596 856; x_wconf 89' lang='lat' dir='ltr'>ornatur</span> <span class='ocrx_word' id='word_1_38' title='bbox 615 803 836 870; x_wconf 88' lang='lat' dir='ltr'>tamen)</span> <span class='ocrx_word' id='word_1_39' title='bbox 869 805 1071 856; x_wconf 85' lang='lat' dir='ltr'>instrui.</span> <span class='ocrx_word' id='word_1_40' title='bbox 1112 806 1191 857; x_wconf 91' lang='lat' dir='ltr'>Te</span> <span class='ocrx_word' id='word_1_41' title='bbox 1224 822 1392 873; x_wconf 86' lang='lat' dir='ltr'>porro</span> <span class='ocrx_word' id='word_1_42' title='bbox 1423 804 1603 856; x_wconf 89' lang='lat' dir='ltr'>animo</span> <span class='ocrx_word' id='word_1_43' title='bbox 1638 804 1798 856; x_wconf 84' lang='lat' dir='ltr'>beatis·</span> 
     </span>
     <span class='ocr_line' id='line_1_8' title="bbox 376 877 1799 947; baseline 0.001 -19"><span class='ocrx_word' id='word_1_44' title='bbox 376 877 573 940; x_wconf 77' lang='lat' dir='ltr'>simum</span> <span class='ocrx_word' id='word_1_45' title='bbox 595 916 611 940; x_wconf 83' lang='lat'><strong>‚</strong></span> <span class='ocrx_word' id='word_1_46' title='bbox 650 880 921 931; x_wconf 89' lang='lat' dir='ltr'>modicum</span> <span class='ocrx_word' id='word_1_47' title='bbox 953 879 1290 931; x_wconf 87' lang='lat' dir='ltr'>facultatibus</span> <span class='ocrx_word' id='word_1_48' title='bbox 1323 879 1435 931; x_wconf 89' lang='lat' dir='ltr'>scio</span> <span class='ocrx_word' id='word_1_49' title='bbox 1459 898 1472 931; x_wconf 89' lang='lat'>:</span> <span class='ocrx_word' id='word_1_50' title='bbox 1496 878 1672 947; x_wconf 85' lang='lat' dir='ltr'>itaque</span> <span class='ocrx_word' id='word_1_51' title='bbox 1705 895 1799 946; x_wconf 87' lang='lat' dir='ltr'>par·</span> 
     </span>
     <span class='ocr_line' id='line_1_9' title="bbox 372 951 1798 1021; baseline 0 -18"><span class='ocrx_word' id='word_1_52' title='bbox 372 967 485 1004; x_wconf 87' lang='lat' dir='ltr'>tem</span> <span class='ocrx_word' id='word_1_53' title='bbox 510 951 691 1008; x_wconf 83' lang='lat' dir='ltr'>oneris</span> <span class='ocrx_word' id='word_1_54' title='bbox 716 952 796 1005; x_wconf 90' lang='lat' dir='ltr'>tui</span> <span class='ocrx_word' id='word_1_55' title='bbox 816 953 949 1004; x_wconf 87' lang='lat' dir='ltr'>mihi</span> <span class='ocrx_word' id='word_1_56' title='bbox 969 953 1190 1005; x_wconf 81' lang='lat' dir='ltr'>vindico</span> <span class='ocrx_word' id='word_1_57' title='bbox 1206 993 1221 1016; x_wconf 82' lang='lat'>,</span> <span class='ocrx_word' id='word_1_58' title='bbox 1245 954 1298 1005; x_wconf 88' lang='lat'>&amp;</span> <span class='ocrx_word' id='word_1_59' title='bbox 1313 992 1328 1016; x_wconf 87' lang='lat'>‚</span> <span class='ocrx_word' id='word_1_60' title='bbox 1351 969 1618 1021; x_wconf 87' lang='lat' dir='ltr'>tamquam</span> <span class='ocrx_word' id='word_1_61' title='bbox 1637 969 1798 1019; x_wconf 81' lang='lat' dir='ltr'>parens</span> 
     </span>
     <span class='ocr_line' id='line_1_10' title="bbox 374 1025 1800 1097; baseline -0.001 -20"><span class='ocrx_word' id='word_1_62' title='bbox 374 1028 508 1078; x_wconf 87' lang='lat' dir='ltr'>alter</span> <span class='ocrx_word' id='word_1_63' title='bbox 532 1028 721 1094; x_wconf 81' lang='lat' dir='ltr'>puellae</span> <span class='ocrx_word' id='word_1_64' title='bbox 752 1025 940 1079; x_wconf 85' lang='lat' dir='ltr'>nostrae</span> <span class='ocrx_word' id='word_1_65' title='bbox 963 1066 979 1090; x_wconf 89' lang='lat'><strong>‚</strong></span> <span class='ocrx_word' id='word_1_66' title='bbox 1006 1028 1229 1080; x_wconf 86' lang='lat' dir='ltr'>confero</span> <span class='ocrx_word' id='word_1_67' title='bbox 1250 1026 1638 1097; x_wconf 83' lang='lat' dir='ltr'>quinquaginta</span> <span class='ocrx_word' id='word_1_68' title='bbox 1660 1025 1800 1077; x_wconf 85' lang='lat' dir='ltr'>millia</span> 
     </span>
     <span class='ocr_line' id='line_1_11' title="bbox 374 1099 1802 1168; baseline 0 -17"><span class='ocrx_word' id='word_1_69' title='bbox 374 1100 656 1151; x_wconf 73' lang='lat' dir='ltr'>nummum</span> <span class='ocrx_word' id='word_1_70' title='bbox 694 1119 709 1160; x_wconf 81' lang='lat'>3</span> <span class='ocrx_word' id='word_1_71' title='bbox 748 1104 867 1168; x_wconf 90' lang='lat' dir='ltr'>plus</span> <span class='ocrx_word' id='word_1_72' title='bbox 909 1103 1198 1153; x_wconf 84' lang='lat' dir='ltr'>collaturus</span> <span class='ocrx_word' id='word_1_73' title='bbox 1223 1141 1238 1164; x_wconf 81' lang='lat'>,</span> <span class='ocrx_word' id='word_1_74' title='bbox 1285 1101 1390 1152; x_wconf 83' lang='lat' dir='ltr'>nisi</span> <span class='ocrx_word' id='word_1_75' title='bbox 1439 1118 1468 1152; x_wconf 89' lang='lat' dir='ltr'>a</span> <span class='ocrx_word' id='word_1_76' title='bbox 1512 1099 1802 1155; x_wconf 85' lang='lat' dir='ltr'>verecundia</span> 
     </span>
     <span class='ocr_line' id='line_1_12' title="bbox 375 1170 1802 1243; baseline 0.001 -19"><span class='ocrx_word' id='word_1_77' title='bbox 375 1178 467 1224; x_wconf 86' lang='lat' dir='ltr'>tua</span> <span class='ocrx_word' id='word_1_78' title='bbox 501 1173 611 1225; x_wconf 75' lang='lat' dir='ltr'>sola</span> <span class='ocrx_word' id='word_1_79' title='bbox 650 1173 1019 1226; x_wconf 84' lang='lat' dir='ltr'>mediocritate</span> <span class='ocrx_word' id='word_1_80' title='bbox 1052 1175 1350 1226; x_wconf 88' lang='lat' dir='ltr'>munusculi</span> <span class='ocrx_word' id='word_1_81' title='bbox 1387 1174 1660 1243; x_wconf 82' lang='lat' dir='ltr'>impetrati</span> <span class='ocrx_word' id='word_1_82' title='bbox 1680 1170 1802 1241; x_wconf 71' lang='lat' dir='ltr'>poss&#39;e</span> 
     </span>
     <span class='ocr_line' id='line_1_13' title="bbox 374 1246 1350 1311; baseline 0.003 -12"><span class='ocrx_word' id='word_1_83' title='bbox 374 1246 702 1301; x_wconf 88' lang='lat' dir='ltr'>confiderem</span> <span class='ocrx_word' id='word_1_84' title='bbox 724 1287 739 1311; x_wconf 91' lang='lat'>,</span> <span class='ocrx_word' id='word_1_85' title='bbox 765 1266 833 1300; x_wconf 89' lang='lat' dir='ltr'>ne</span> <span class='ocrx_word' id='word_1_86' title='bbox 870 1249 1152 1301; x_wconf 87' lang='lat' dir='ltr'>recusares.</span> <span class='ocrx_word' id='word_1_87' title='bbox 1193 1249 1350 1302; x_wconf 87' lang='lat' dir='ltr'>Vale.</span> 
     </span>
    </p>
   </div>
   <div class='ocr_carea' id='block_1_3' title="bbox 413 1367 1772 1421">
    <p class='ocr_par' dir='ltr' id='par_1_3' title="bbox 413 1367 1772 1421">
     <span class='ocr_line' id='line_1_14' title="bbox 413 1367 1772 1421; baseline -0.001 -1"><span class='ocrx_word' id='word_1_88' title='bbox 413 1367 730 1421; x_wconf 89' lang='lat' dir='ltr'>XXXIII.</span> <span class='ocrx_word' id='word_1_89' title='bbox 784 1367 1118 1420; x_wconf 70' lang='lat' dir='ltr'>Punms</span> <span class='ocrx_word' id='word_1_90' title='bbox 1158 1368 1506 1420; x_wconf 54' lang='lat' dir='ltr'>Romino</span> <span class='ocrx_word' id='word_1_91' title='bbox 1551 1381 1692 1421; x_wconf 82' lang='lat' dir='ltr'>suo</span> <span class='ocrx_word' id='word_1_92' title='bbox 1727 1367 1772 1420; x_wconf 87' lang='lat' dir='ltr'>S.</span> 
     </span>
    </p>
   </div>
   <div class='ocr_carea' id='block_1_4' title="bbox 374 1465 1805 1535">
    <p class='ocr_par' dir='ltr' id='par_1_4' title="bbox 374 1465 1805 1535">
     <span class='ocr_line' id='line_1_15' title="bbox 374 1465 1805 1535; baseline -0.003 -16"><span class='ocrx_word' id='word_1_93' title='bbox 374 1468 546 1519; x_wconf 79' lang='lat' dir='ltr'>Mittit</span> <span class='ocrx_word' id='word_1_94' title='bbox 589 1467 853 1518; x_wconf 78' lang='lat' dir='ltr'>orationem</span> <span class='ocrx_word' id='word_1_95' title='bbox 884 1465 1022 1534; x_wconf 79' lang='lat' dir='ltr'>suam</span> <span class='ocrx_word' id='word_1_96' title='bbox 1051 1484 1142 1535; x_wconf 85' lang='lat' dir='ltr'>pro</span> <span class='ocrx_word' id='word_1_97' title='bbox 1184 1468 1339 1518; x_wconf 82' lang='lat' dir='ltr'>Accia</span> <span class='ocrx_word' id='word_1_98' title='bbox 1372 1466 1585 1518; x_wconf 80' lang='lat' dir='ltr'>Variola</span> <span class='ocrx_word' id='word_1_99' title='bbox 1615 1502 1632 1523; x_wconf 89' lang='lat'><em>,</em></span> <span class='ocrx_word' id='word_1_100' title='bbox 1672 1465 1805 1535; x_wconf 78' lang='lat' dir='ltr'>digni·</span> 
     </span>
    </p>
   </div>
   <div class='ocr_carea' id='block_1_5' title="bbox 450 1538 1802 1676">
    <p class='ocr_par' dir='ltr' id='par_1_5' title="bbox 450 1538 1802 1676">
     <span class='ocr_line' id='line_1_16' title="bbox 450 1538 1802 1670; baseline -0.002 -78"><span class='ocrx_word' id='word_1_101' title='bbox 450 1558 553 1670; x_wconf 48' lang='lat' dir='ltr'>alge</span> <span class='ocrx_word' id='word_1_102' title='bbox 587 1538 800 1611; x_wconf 76' lang='lat' dir='ltr'>personae</span> <span class='ocrx_word' id='word_1_103' title='bbox 831 1575 849 1598; x_wconf 88' lang='lat'>‚</span> <span class='ocrx_word' id='word_1_104' title='bbox 901 1541 947 1592; x_wconf 73' lang='grc' dir='ltr'>ὃ·</span> <span class='ocrx_word' id='word_1_105' title='bbox 994 1541 1173 1609; x_wconf 80' lang='lat' dir='ltr'>judicii</span> <span class='ocrx_word' id='word_1_106' title='bbox 1220 1541 1544 1611; x_wconf 79' lang='lat' dir='ltr'>magnitudine</span> <span class='ocrx_word' id='word_1_107' title='bbox 1588 1542 1802 1611; x_wconf 78' lang='lat' dir='ltr'>insignem.</span> 
     </span>
     <span class='ocr_line' id='line_1_17' title="bbox 529 1618 785 1676; baseline 0.004 -11"><span class='ocrx_word' id='word_1_108' title='bbox 529 1618 585 1667; x_wconf 79' lang='lat' dir='ltr'>de</span> <span class='ocrx_word' id='word_1_109' title='bbox 624 1631 647 1667; x_wconf 84' lang='lat'>1</span> <span class='ocrx_word' id='word_1_110' title='bbox 678 1649 695 1676; x_wconf 84' lang='lat'>‚</span> <span class='ocrx_word' id='word_1_111' title='bbox 733 1630 785 1667; x_wconf 89' lang='lat'>2.</span> 
     </span>
    </p>
   </div>
   <div class='ocr_carea' id='block_1_6' title="bbox 378 1729 1811 2936">
    <p class='ocr_par' dir='ltr' id='par_1_6' title="bbox 380 1729 1811 2936">
     <span class='ocr_line' id='line_1_18' title="bbox 381 1729 1807 1831; baseline -0.003 -16"><span class='ocrx_word' id='word_1_112' title='bbox 381 1729 757 1823; x_wconf 76' lang='grc' dir='ltr'><em>Τοιιιτε</em></span> <span class='ocrx_word' id='word_1_113' title='bbox 788 1761 986 1819; x_wconf 69' lang='lat' dir='ltr'>cuni-la,</span> <span class='ocrx_word' id='word_1_114' title='bbox 1008 1758 1219 1831; x_wconf 79' lang='lat' dir='ltr'>inquit,</span> <span class='ocrx_word' id='word_1_115' title='bbox 1249 1758 1514 1830; x_wconf 81' lang='lat' dir='ltr'>coeptosque</span> <span class='ocrx_word' id='word_1_116' title='bbox 1546 1761 1721 1829; x_wconf 79' lang='lat' dir='ltr'>auferte</span> <span class='ocrx_word' id='word_1_117' title='bbox 1744 1762 1807 1812; x_wconf 78' lang='lat' dir='ltr'>la·</span> 
     </span>
     <span class='ocr_line' id='line_1_19' title="bbox 380 1835 1807 1907; baseline -0.001 -17"><span class='ocrx_word' id='word_1_118' title='bbox 380 1838 536 1890; x_wconf 78' lang='lat' dir='ltr'>bores.</span> <span class='ocrx_word' id='word_1_119' title='bbox 575 1839 682 1890; x_wconf 90' lang='lat' dir='ltr'>Seu</span> <span class='ocrx_word' id='word_1_120' title='bbox 713 1835 894 1889; x_wconf 86' lang='lat' dir='ltr'>scribis</span> <span class='ocrx_word' id='word_1_121' title='bbox 933 1835 1171 1905; x_wconf 84' lang='lat' dir='ltr'>aliquid,</span> <span class='ocrx_word' id='word_1_122' title='bbox 1205 1837 1296 1890; x_wconf 88' lang='lat' dir='ltr'>seu</span> <span class='ocrx_word' id='word_1_123' title='bbox 1331 1836 1467 1907; x_wconf 89' lang='lat' dir='ltr'>legis</span> <span class='ocrx_word' id='word_1_124' title='bbox 1491 1872 1506 1897; x_wconf 89' lang='lat'>‚</span> <span class='ocrx_word' id='word_1_125' title='bbox 1548 1837 1700 1901; x_wconf 89' lang='lat' dir='ltr'>tolli,</span> <span class='ocrx_word' id='word_1_126' title='bbox 1731 1852 1807 1889; x_wconf 88' lang='lat' dir='ltr'>au-</span> 
     </span>
     <span class='ocr_line' id='line_1_20' title="bbox 380 1910 1809 1979; baseline -0.002 -15"><span class='ocrx_word' id='word_1_127' title='bbox 380 1912 509 1965; x_wconf 86' lang='lat' dir='ltr'>ferri</span> <span class='ocrx_word' id='word_1_128' title='bbox 549 1910 701 1977; x_wconf 80' lang='lat' dir='ltr'>jube·</span> <span class='ocrx_word' id='word_1_129' title='bbox 692 1946 707 1970; x_wconf 92' lang='lat'>,</span> <span class='ocrx_word' id='word_1_130' title='bbox 747 1912 800 1963; x_wconf 88' lang='lat'>&amp;</span> <span class='ocrx_word' id='word_1_131' title='bbox 833 1911 1013 1979; x_wconf 89' lang='lat' dir='ltr'>accipe</span> <span class='ocrx_word' id='word_1_132' title='bbox 1052 1911 1355 1964; x_wconf 86' lang='lat' dir='ltr'>orationem</span> <span class='ocrx_word' id='word_1_133' title='bbox 1389 1927 1617 1974; x_wconf 86' lang='lat' dir='ltr'>meam,</span> <span class='ocrx_word' id='word_1_134' title='bbox 1649 1926 1703 1964; x_wconf 90' lang='lat' dir='ltr'>ut</span> <span class='ocrx_word' id='word_1_135' title='bbox 1734 1910 1809 1964; x_wconf 85' lang='lat' dir='ltr'>illa</span> 
     </span>
     <span class='ocr_line' id='line_1_21' title="bbox 384 1983 1808 2059; baseline -0.002 -21"><span class='ocrx_word' id='word_1_136' title='bbox 384 2003 567 2059; x_wconf 78' lang='lat' dir='ltr'>arma,</span> <span class='ocrx_word' id='word_1_137' title='bbox 599 1983 861 2039; x_wconf 88' lang='lat' dir='ltr'>divinam.</span> <span class='ocrx_word' id='word_1_138' title='bbox 901 1986 1047 2036; x_wconf 87' lang='lat' dir='ltr'>Num</span> <span class='ocrx_word' id='word_1_139' title='bbox 1082 1985 1357 2053; x_wconf 74' lang='lat' dir='ltr'>superbius</span> <span class='ocrx_word' id='word_1_140' title='bbox 1388 1984 1592 2052; x_wconf 83' lang='lat' dir='ltr'>potui?</span> <span class='ocrx_word' id='word_1_141' title='bbox 1615 2001 1808 2047; x_wconf 83' lang='lat' dir='ltr'>revera,</span> 
     </span>
     <span class='ocr_line' id='line_1_22' title="bbox 382 2053 1811 2126; baseline -0.001 -15"><span class='ocrx_word' id='word_1_142' title='bbox 382 2053 444 2112; x_wconf 84' lang='lat' dir='ltr'>ut</span> <span class='ocrx_word' id='word_1_143' title='bbox 481 2059 622 2111; x_wconf 87' lang='lat' dir='ltr'>inter</span> <span class='ocrx_word' id='word_1_144' title='bbox 663 2075 843 2121; x_wconf 83' lang='lat' dir='ltr'>meas,</span> <span class='ocrx_word' id='word_1_145' title='bbox 881 2060 1174 2126; x_wconf 84' lang='lat' dir='ltr'>pulchram.</span> <span class='ocrx_word' id='word_1_146' title='bbox 1232 2060 1369 2110; x_wconf 88' lang='lat' dir='ltr'>Nam</span> <span class='ocrx_word' id='word_1_147' title='bbox 1413 2058 1553 2110; x_wconf 84' lang='lat' dir='ltr'>mihi</span> <span class='ocrx_word' id='word_1_148' title='bbox 1600 2058 1715 2111; x_wconf 87' lang='lat' dir='ltr'>satis</span> <span class='ocrx_word' id='word_1_149' title='bbox 1751 2056 1811 2110; x_wconf 88' lang='lat' dir='ltr'>est</span> 
     </span>
     <span class='ocr_line' id='line_1_23' title="bbox 381 2132 1808 2201; baseline -0.002 -16"><span class='ocrx_word' id='word_1_150' title='bbox 381 2147 583 2186; x_wconf 89' lang='lat' dir='ltr'>certare</span> <span class='ocrx_word' id='word_1_151' title='bbox 619 2149 847 2197; x_wconf 87' lang='lat' dir='ltr'>mecum.</span> <span class='ocrx_word' id='word_1_152' title='bbox 903 2132 987 2183; x_wconf 91' lang='lat' dir='ltr'>Est</span> <span class='ocrx_word' id='word_1_153' title='bbox 1031 2134 1143 2185; x_wconf 68' lang='lat' dir='ltr'>haec</span> <span class='ocrx_word' id='word_1_154' title='bbox 1179 2149 1279 2201; x_wconf 86' lang='lat' dir='ltr'>pro</span> <span class='ocrx_word' id='word_1_155' title='bbox 1318 2132 1481 2185; x_wconf 88' lang='lat' dir='ltr'>Accia</span> <span class='ocrx_word' id='word_1_156' title='bbox 1519 2132 1733 2186; x_wconf 88' lang='lat' dir='ltr'>Variola</span> <span class='ocrx_word' id='word_1_157' title='bbox 1767 2132 1808 2182; x_wconf 77' lang='grc' dir='ltr'>δι</span> 
     </span>
     <span class='ocr_line' id='line_1_24' title="bbox 381 2194 1809 2276; baseline -0.003 -17"><span class='ocrx_word' id='word_1_158' title='bbox 381 2206 639 2276; x_wconf 84' lang='lat' dir='ltr'>dignitate</span> <span class='ocrx_word' id='word_1_159' title='bbox 659 2194 931 2273; x_wconf 80' lang='lat' dir='ltr'>personae,</span> <span class='ocrx_word' id='word_1_160' title='bbox 959 2206 1013 2257; x_wconf 66' lang='grc' dir='ltr'>ὅ(</span> <span class='ocrx_word' id='word_1_161' title='bbox 1042 2206 1280 2274; x_wconf 67' lang='lat' dir='ltr'>exempli</span> <span class='ocrx_word' id='word_1_162' title='bbox 1303 2207 1550 2271; x_wconf 87' lang='lat' dir='ltr'>raritate,</span> <span class='ocrx_word' id='word_1_163' title='bbox 1580 2207 1632 2258; x_wconf 74' lang='grc' dir='ltr'>δι</span> <span class='ocrx_word' id='word_1_164' title='bbox 1653 2201 1809 2269; x_wconf 85' lang='lat' dir='ltr'>judicii</span> 
     </span>
     <span class='ocr_line' id='line_1_25' title="bbox 382 2277 1809 2350; baseline -0.002 -18"><span class='ocrx_word' id='word_1_165' title='bbox 382 2279 750 2350; x_wconf 82' lang='lat' dir='ltr'>magnitudine</span> <span class='ocrx_word' id='word_1_166' title='bbox 795 2280 1040 2349; x_wconf 86' lang='lat' dir='ltr'>insignis.</span> <span class='ocrx_word' id='word_1_167' title='bbox 1111 2282 1250 2331; x_wconf 87' lang='lat' dir='ltr'>Nam</span> <span class='ocrx_word' id='word_1_168' title='bbox 1307 2280 1509 2332; x_wconf 80' lang='lat' dir='ltr'>femina</span> <span class='ocrx_word' id='word_1_169' title='bbox 1566 2277 1809 2348; x_wconf 68' lang='lat' dir='ltr'>splendide</span> 
     </span>
     <span class='ocr_line' id='line_1_26' title="bbox 381 2352 1809 2424; baseline -0.001 -19"><span class='ocrx_word' id='word_1_170' title='bbox 381 2369 544 2424; x_wconf 86' lang='lat' dir='ltr'>nata,</span> <span class='ocrx_word' id='word_1_171' title='bbox 579 2364 742 2422; x_wconf 83' lang='lat' dir='ltr'>nupta</span> <span class='ocrx_word' id='word_1_172' title='bbox 772 2353 1030 2422; x_wconf 72' lang='lat' dir='ltr'>praetorio</span> <span class='ocrx_word' id='word_1_173' title='bbox 1067 2354 1221 2417; x_wconf 82' lang='lat' dir='ltr'>viro,</span> <span class='ocrx_word' id='word_1_174' title='bbox 1248 2355 1567 2406; x_wconf 85' lang='lat' dir='ltr'>exheredata</span> <span class='ocrx_word' id='word_1_175' title='bbox 1599 2356 1661 2406; x_wconf 86' lang='lat' dir='ltr'>ab</span> <span class='ocrx_word' id='word_1_176' title='bbox 1688 2352 1809 2405; x_wconf 77' lang='grc' dir='ltr'>οᾶο·</span> 
     </span>
     <span class='ocr_line' id='line_1_27' title="bbox 378 2421 1810 2498; baseline -0.001 -18.996"><span class='ocrx_word' id='word_1_177' title='bbox 378 2421 605 2498; x_wconf 84' lang='lat' dir='ltr'>genario</span> <span class='ocrx_word' id='word_1_178' title='bbox 655 2442 843 2495; x_wconf 82' lang='lat' dir='ltr'>patre,</span> <span class='ocrx_word' id='word_1_179' title='bbox 876 2428 1019 2480; x_wconf 88' lang='lat' dir='ltr'>intra</span> <span class='ocrx_word' id='word_1_180' title='bbox 1052 2429 1299 2481; x_wconf 87' lang='lat' dir='ltr'>undecim</span> <span class='ocrx_word' id='word_1_181' title='bbox 1338 2428 1450 2480; x_wconf 89' lang='lat' dir='ltr'>dies</span> <span class='ocrx_word' id='word_1_182' title='bbox 1490 2468 1507 2493; x_wconf 79' lang='grc'>,</span> <span class='ocrx_word' id='word_1_183' title='bbox 1553 2427 1708 2498; x_wconf 81' lang='lat' dir='ltr'>quam</span> <span class='ocrx_word' id='word_1_184' title='bbox 1746 2423 1810 2478; x_wconf 84' lang='lat' dir='ltr'>illi</span> 
     </span>
     <span class='ocr_line' id='line_1_28' title="bbox 383 2502 1809 2571; baseline 0 -19"><span class='ocrx_word' id='word_1_185' title='bbox 383 2517 713 2564; x_wconf 82' lang='lat' dir='ltr'>novercam,</span> <span class='ocrx_word' id='word_1_186' title='bbox 751 2518 932 2554; x_wconf 90' lang='lat' dir='ltr'>amore</span> <span class='ocrx_word' id='word_1_187' title='bbox 974 2518 1158 2571; x_wconf 89' lang='lat' dir='ltr'>captus</span> <span class='ocrx_word' id='word_1_188' title='bbox 1192 2542 1206 2566; x_wconf 87' lang='lat'>‚</span> <span class='ocrx_word' id='word_1_189' title='bbox 1245 2502 1529 2555; x_wconf 82' lang='lat' dir='ltr'>induxerat</span> <span class='ocrx_word' id='word_1_190' title='bbox 1553 2543 1569 2568; x_wconf 87' lang='lat'>‚</span> <span class='ocrx_word' id='word_1_191' title='bbox 1619 2503 1809 2570; x_wconf 82' lang='lat' dir='ltr'>quadru-</span> 
     </span>
     <span class='ocr_line' id='line_1_29' title="bbox 383 2649 1811 2720; baseline -0.002 -18"><span class='ocrx_word' id='word_1_192' title='bbox 383 2649 586 2717; x_wconf 72' lang='lat' dir='ltr'>judices</span> <span class='ocrx_word' id='word_1_193' title='bbox 622 2664 836 2701; x_wconf 87' lang='lat' dir='ltr'>centum</span> <span class='ocrx_word' id='word_1_194' title='bbox 864 2651 917 2702; x_wconf 68' lang='grc' dir='ltr'>ὃ(</span> <span class='ocrx_word' id='word_1_195' title='bbox 947 2650 1261 2720; x_wconf 60' lang='lat' dir='ltr'>octoginta,</span> <span class='ocrx_word' id='word_1_196' title='bbox 1245 2669 1256 2680; x_wconf 93' lang='lat'><strong>·</strong></span> <span class='ocrx_word' id='word_1_197' title='bbox 1303 2665 1388 2703; x_wconf 92' lang='lat' dir='ltr'>tot</span> <span class='ocrx_word' id='word_1_198' title='bbox 1421 2651 1571 2702; x_wconf 86' lang='lat' dir='ltr'>enim</span> <span class='ocrx_word' id='word_1_199' title='bbox 1608 2662 1811 2718; x_wconf 85' lang='lat' dir='ltr'>quatuor</span> 
     </span>
     <span class='ocr_line' id='line_1_30' title="bbox 384 2723 1809 2795; baseline -0.004 -19"><span class='ocrx_word' id='word_1_200' title='bbox 384 2723 631 2777; x_wconf 88' lang='lat' dir='ltr'>consiliis</span> <span class='ocrx_word' id='word_1_201' title='bbox 670 2723 1040 2793; x_wconf 89' lang='lat' dir='ltr'>colliguntur:</span> <span class='ocrx_word' id='word_1_202' title='bbox 1085 2725 1272 2795; x_wconf 86' lang='lat' dir='ltr'>ingens</span> <span class='ocrx_word' id='word_1_203' title='bbox 1307 2724 1580 2792; x_wconf 87' lang='lat' dir='ltr'>utrimque</span> <span class='ocrx_word' id='word_1_204' title='bbox 1616 2727 1809 2776; x_wconf 86' lang='lat' dir='ltr'>advoca·</span> 
     </span>
     <span class='ocr_line' id='line_1_31' title="bbox 386 2795 1810 2868; baseline -0.004 -18"><span class='ocrx_word' id='word_1_205' title='bbox 386 2798 506 2861; x_wconf 87' lang='lat' dir='ltr'>tio,</span> <span class='ocrx_word' id='word_1_206' title='bbox 548 2799 601 2850; x_wconf 68' lang='grc' dir='ltr'>ὃ(</span> <span class='ocrx_word' id='word_1_207' title='bbox 633 2798 912 2850; x_wconf 87' lang='lat' dir='ltr'>numerosa</span> <span class='ocrx_word' id='word_1_208' title='bbox 947 2799 1186 2851; x_wconf 87' lang='lat' dir='ltr'>subsellia</span> <span class='ocrx_word' id='word_1_209' title='bbox 1222 2815 1235 2848; x_wconf 79' lang='lat' dir='ltr'><strong><em>z</em></strong></span> <span class='ocrx_word' id='word_1_210' title='bbox 1270 2814 1522 2868; x_wconf 83' lang='lat' dir='ltr'>praeterea</span> <span class='ocrx_word' id='word_1_211' title='bbox 1551 2798 1705 2850; x_wconf 85' lang='lat' dir='ltr'>densa</span> <span class='ocrx_word' id='word_1_212' title='bbox 1732 2795 1810 2847; x_wconf 85' lang='lat' dir='ltr'>cir·</span> 
     </span>
     <span class='ocr_line' id='line_1_32' title="bbox 388 2867 1810 2936; baseline -0.003 -13"><span class='ocrx_word' id='word_1_213' title='bbox 388 2871 760 2924; x_wconf 88' lang='lat' dir='ltr'>cumstantium</span> <span class='ocrx_word' id='word_1_214' title='bbox 795 2889 996 2925; x_wconf 87' lang='lat' dir='ltr'>corona</span> <span class='ocrx_word' id='word_1_215' title='bbox 1028 2874 1348 2927; x_wconf 83' lang='lat' dir='ltr'>latissimum</span> <span class='ocrx_word' id='word_1_216' title='bbox 1375 2872 1632 2936; x_wconf 81' lang='lat' dir='ltr'>iudicium</span> <span class='ocrx_word' id='word_1_217' title='bbox 1661 2867 1810 2922; x_wconf 88' lang='lat' dir='ltr'>multi·</span> 
     </span>
    </p>
   </div>
   <div class='ocr_carea' id='block_1_7' title="bbox 391 2942 1810 3029">
    <p class='ocr_par' dir='ltr' id='par_1_7' title="bbox 391 2942 1810 3029">
     <span class='ocr_line' id='line_1_33' title="bbox 391 2942 1810 3029; baseline -0.001 -30"><span class='ocrx_word' id='word_1_218' title='bbox 391 2945 521 3029; x_wconf 58' lang='lat' dir='ltr'>plici</span> <span class='ocrx_word' id='word_1_219' title='bbox 534 2946 735 3003; x_wconf 86' lang='lat' dir='ltr'>circulo</span> <span class='ocrx_word' id='word_1_220' title='bbox 762 2947 1009 3006; x_wconf 84' lang='lat' dir='ltr'>ambibat.</span> <span class='ocrx_word' id='word_1_221' title='bbox 1031 2950 1115 3009; x_wconf 86' lang='lat' dir='ltr'>Ad</span> <span class='ocrx_word' id='word_1_222' title='bbox 1133 2950 1271 3014; x_wconf 84' lang='lat' dir='ltr'>hoc,</span> <span class='ocrx_word' id='word_1_223' title='bbox 1299 2947 1548 3018; x_wconf 84' lang='lat' dir='ltr'>stipatum</span> <span class='ocrx_word' id='word_1_224' title='bbox 1570 2942 1810 3003; x_wconf 75' lang='lat' dir='ltr'>tribunal.</span> 
     </span>
    </p>
   </div>
  </div>
 </body>
</html>
