1951 3720
363 230 939 301 EPISTOLAE.
971 231 1318 305 Lib.VII.
1449 256 1590 330 207

126 353 324 411 Finitis
358 354 657 407 actionibus
693 354 867 406 Caesar
888 393 903 418 ‚
944 355 1135 405 Neutra
1158 389 1172 413 ‚
1221 354 1397 425 inquit
1425 395 1439 419 ,
1474 377 1595 425 pars

128 433 200 482 de
222 450 347 481 mora
366 447 599 497 queretur.
640 430 752 478 Erit
786 431 896 478 mihi
926 448 1045 479 curoe
1067 430 1320 497 explorare
1336 433 1597 499 provinciae

130 506 446 556 voluntatem.
486 504 723 553 Multum
763 503 979 554 interim
1008 505 1253 555 Varenus
1291 506 1433 556 tulit.
1472 506 1593 557 Ete-

129 578 250 629 nim
285 576 443 645 quam
479 576 696 628 dubium
721 575 794 628 est
831 594 900 627 an
929 575 1126 630 merito
1151 579 1420 630 accusetur
1444 617 1458 639 ‚
1497 578 1594 647 qui

133 668 209 703 an
237 651 461 703 omnino
498 651 767 703 accusetur
790 689 804 713 ‚
845 650 1107 703 incertum
1145 651 1259 703 est?
1306 652 1550 719 Superest
1574 690 1592 716 ,

133 742 206 777 ne
238 726 408 776 rursus
461 724 758 792 provinciae
785 764 799 787 ‚
855 727 1000 793 quod
1041 725 1304 777 damnasse
1354 726 1550 778 dicitur
1575 764 1590 789 ‚

136 800 366 866 placeat,
403 815 630 869 agatque
671 798 1051 867 poenitentiam
1089 799 1428 868 poenitentiae
1466 802 1593 854 suae.

133 872 286 927 Vale.

155 994 260 1048 XI.
298 994 565 1047 Pmmus
605 994 862 1045 Fumo
903 992 1289 1046 Pnosocmto
1336 1008 1459 1047 suo
1504 995 1559 1049 S.

134 1068 314 1146 Fal-lum
343 1092 514 1143 liberti
530 1090 609 1159 sui
640 1092 689 1142 in
711 1091 916 1160 gratiam
942 1092 1163 1142 Corellia
1187 1109 1339 1143 tatum
1353 1090 1408 1161 se
1426 1094 1597 1148 habere

204 1192 308 1250 ait,
346 1186 601 1257 causasque
630 1189 765 1240 addit
796 1186 896 1257 sua
936 1190 987 1239 in
1016 1190 1152 1238 illam
1186 1190 1518 1246 liberalitatis.

133 1304 476 1396 MIRARIS
512 1335 655 1406 quod
687 1337 915 1389 Hermes
957 1337 1178 1389 libertus
1206 1355 1355 1391 meus
1379 1339 1594 1393 heredi-

134 1411 294 1465 tarios
326 1429 488 1483 agros
515 1449 530 1474 ‚
572 1428 707 1479 quos
744 1427 847 1480 ego
885 1409 1129 1475 jufferam
1154 1413 1443 1479 proscribi,
1478 1433 1593 1469 non

136 1486 436 1555 exspethta
462 1484 742 1548 ausimne,
767 1501 867 1552 pro
888 1501 1014 1537 meo
1047 1484 1343 1553 quincunce
1375 1505 1445 1540 ex
1469 1490 1593 1558 sep-

134 1560 389 1631 tingentis
437 1559 674 1612 millibus
734 1559 981 1611 Corelliae
1039 1559 1317 1615 addixerit.
1387 1562 1591 1628 Adjicis

131 1634 280 1702 pofl‘e
312 1651 410 1687 eos
452 1632 742 1703 nongentis
780 1632 1016 1684 millibus
1058 1633 1261 1684 vaenire
1288 1674 1302 1696 ,
1337 1651 1395 1687 ac
1427 1635 1591 1689 'tanto

133 1708 302 1779 magis
332 1708 528 1778 quaetis
545 1746 560 1771 ‚
586 1723 653 1759 an
672 1707 818 1775 quod
841 1705 1008 1775 gessit
1027 1721 1200 1758 ratum
1221 1708 1448 1761 servem.
1474 1712 1593 1780 Ego

131 1785 266 1836 vero
323 1784 485 1835 servo
528 1800 542 1834 τ
592 1780 784 1850 quibus
825 1796 897 1832 ex
937 1780 1111 1832 causis
1152 1780 1333 1850 accipe
1366 1800 1381 1835 t
1424 1785 1593 1851 cupio

133 1857 275 1910 enim
297 1858 352 1910 δί
374 1856 471 1910 tibi
486 1857 766 1924 probatum
783 1893 798 1918 ‚
826 1853 879 1907 &
903 1853 1250 1907 coheredibus
1275 1855 1409 1909 meis
1435 1875 1596 1911 excu-

136 1931 301 1984 satum
344 1929 449 1984 effe
475 1970 490 1995 ,
532 1928 678 1999 quod
720 1946 807 1981 me
853 1930 915 1980 ab
957 1928 1065 1981 illis
1092 1968 1106 1992 ‚
1155 1928 1357 1994 majore
1399 1932 1587 1986 officio

131 2003 345 2071 jubente
374 2045 387 2068 ‚
420 2006 661 2057 secerno,
708 2003 1001 2055 Corelliam
1034 2019 1155 2055 cum
1186 2004 1389 2056 summa
1426 2022 1589 2058 reve-

134 2081 301 2133 rentia
332 2079 534 2145 diligo·‚
567 2078 802 2146 primum
829 2090 889 2128 ut
906 2078 1149 2129 sororem
1175 2076 1399 2130 Corellii
1420 2078 1544 2131 Rufi
1570 2119 1586 2144 ,

132 2153 276 2219 cujus
316 2153 453 2206 mihi
489 2151 751 2206 memoria
795 2150 1118 2203 sacrosaneta
1155 2150 1267 2209 est·,
1307 2152 1495 2204 deinde
1525 2169 1591 2206 ut

134 2229 286 2280 matri
324 2244 458 2279 meae
493 2224 982 2279 familiarissimam.
1031 2226 1166 2276 Sunt
1202 2224 1335 2276 mihi
1381 2227 1436 2277 δι
1464 2242 1587 2279 cum

137 2302 330 2354 marito
352 2301 466 2364 ejus
498 2299 750 2353 Minucio
771 2299 919 2353 Justo
942 2339 956 2363 ‚
982 2298 1195 2366 optimo
1216 2299 1345 2351 viro
1364 2334 1378 2358 ,
1400 2314 1588 2354 vetera

133 2372 274 2439 iura:
312 2376 532 2428 fuerunt
570 2375 623 2426 &
665 2390 786 2426 cum
822 2371 940 2425 filio
980 2373 1251 2433 maxima3
1289 2374 1422 2425 adeo
1464 2377 1588 2443 qui-

132 2450 247 2501 dem
273 2489 288 2514 ,
329 2462 391 2501 ut
435 2463 664 2516 praetore
705 2464 792 2500 me
818 2487 833 2511 ,
883 2447 1021 2500 ludis
1074 2447 1207 2499 meis
1261 2449 1585 2516 praesederit.

133 2523 256 2576 Haec
283 2563 299 2588 ,
339 2539 507 2592 quum
551 2521 801 2590 proxime
839 2521 951 2574 istic
987 2522 1107 2585 fui,
1146 2521 1407 2575 indicavit
1451 2522 1590 2575 mihi

131 2613 325 2665 cupere
359 2597 416 2648 se
458 2596 660 2665 aliquid
701 2596 838 2648 circa
879 2596 1093 2648 Larium
1134 2596 1369 2648 nostrum
1407 2595 1588 2665 possi-

133 2672 250 2724 dete
276 2692 292 2726 z
327 2688 434 2742 ego
469 2671 550 2723 illi
582 2687 662 2723 ex‘
688 2670 900 2739 praediis
932 2670 1069 2723 meis
1092 2671 1246 2739 quod
1274 2672 1442 2723 vellet
1467 2709 1482 2732 ,
1529 2672 1584 2722 δε

133 2745 318 2814 quanti
357 2747 527 2798 vellet
551 2785 566 2809 ‚
600 2746 809 2809 obtuli,
842 2744 1081 2814 exceptis
1119 2745 1353 2813 paternis
1389 2757 1587 2795 mater-

132 2819 357 2888 nisque·‚
396 2819 481 2872 his
526 2819 671 2872 enim
724 2821 907 2872 cedere
958 2836 1026 2872 ne
1072 2819 1319 2872 Corelliae
1369 2817 1584 2885 quidem

128 2892 357 2961 poffum.
401 2894 571 2965 Igitur
606 2909 772 2963 quum
804 2892 1101 2948 obveniffet
1124 2893 1257 2947 mihi
1280 2893 1581 2956 hereditas,
