<?xml version="1.0" encoding="UTF-8"?>
<!DOCTYPE html PUBLIC "-//W3C//DTD XHTML 1.0 Transitional//EN"
    "http://www.w3.org/TR/xhtml1/DTD/xhtml1-transitional.dtd">
<html xmlns="http://www.w3.org/1999/xhtml" xml:lang="en" lang="en">
 <head>
  <title>
</title>
<meta http-equiv="Content-Type" content="text/html;charset=utf-8" />
  <meta name='ocr-system' content='tesseract 3.04.00' />
  <meta name='ocr-capabilities' content='ocr_page ocr_carea ocr_par ocr_line ocrx_word'/>
</head>
<body>
  <div class='ocr_page' id='page_1' title='image "./panegyricus00lallgoog_0337.png"; bbox 0 0 1951 3720; ppageno 0'>
   <div class='ocr_carea' id='block_1_1' title="bbox 232 327 1513 510">
    <p class='ocr_par' dir='ltr' id='par_1_1' title="bbox 232 327 1513 510">
     <span class='ocr_line' id='line_1_1' title="bbox 358 327 1513 431; baseline 0.012 -35"><span class='ocrx_word' id='word_1_1' title='bbox 358 327 1204 404; x_wconf 75' lang='lat' dir='ltr'>EptsToLAE.Lib.X.</span> <span class='ocrx_word' id='word_1_2' title='bbox 1370 345 1513 431; x_wconf 77' lang='lat'>309</span> 
     </span>
     <span class='ocr_line' id='line_1_2' title="bbox 232 448 1372 510; baseline 0.006 -8"><span class='ocrx_word' id='word_1_3' title='bbox 232 448 490 505; x_wconf 87' lang='lat' dir='ltr'><strong>XXVII.</strong></span> <span class='ocrx_word' id='word_1_4' title='bbox 529 454 952 507; x_wconf 72' lang='lat' dir='ltr'>TRAJANUS</span> <span class='ocrx_word' id='word_1_5' title='bbox 993 454 1277 508; x_wconf 72' lang='lat' dir='ltr'>Ptnuo</span> <span class='ocrx_word' id='word_1_6' title='bbox 1315 456 1372 510; x_wconf 90' lang='lat' dir='ltr'>S.</span> 
     </span>
    </p>
   </div>
   <div class='ocr_carea' id='block_1_2' title="bbox 87 541 1523 867">
    <p class='ocr_par' dir='ltr' id='par_1_2' title="bbox 87 541 1523 867">
     <span class='ocr_line' id='line_1_3' title="bbox 127 541 1516 641; baseline 0.006 -18"><span class='ocrx_word' id='word_1_7' title='bbox 127 541 364 631; x_wconf 66' lang='grc' dir='ltr'><strong><em>’ΚΕΗ-ε</em></strong></span> <span class='ocrx_word' id='word_1_8' title='bbox 399 576 669 641; x_wconf 78' lang='lat' dir='ltr'>renuntiasti</span> <span class='ocrx_word' id='word_1_9' title='bbox 690 612 708 634; x_wconf 90' lang='lat'><strong>,</strong></span> <span class='ocrx_word' id='word_1_10' title='bbox 745 579 808 629; x_wconf 88' lang='lat' dir='ltr'>mi</span> <span class='ocrx_word' id='word_1_11' title='bbox 844 579 1058 629; x_wconf 84' lang='lat' dir='ltr'><em>Secunde</em></span> <span class='ocrx_word' id='word_1_12' title='bbox 1095 579 1348 631; x_wconf 79' lang='lat' dir='ltr'><em>carissime.</em></span> <span class='ocrx_word' id='word_1_13' title='bbox 1390 579 1516 631; x_wconf 78' lang='lat' dir='ltr'>Per-</span> 
     </span>
     <span class='ocr_line' id='line_1_4' title="bbox 87 646 1523 722; baseline 0.007 -29"><span class='ocrx_word' id='word_1_14' title='bbox 87 680 88 683; x_wconf 50' lang='lat'><em>=</em></span> <span class='ocrx_word' id='word_1_15' title='bbox 128 646 221 696; x_wconf 76' lang='lat' dir='ltr'>tinet</span> <span class='ocrx_word' id='word_1_16' title='bbox 252 649 359 697; x_wconf 84' lang='lat' dir='ltr'>enim</span> <span class='ocrx_word' id='word_1_17' title='bbox 378 651 441 697; x_wconf 81' lang='lat' dir='ltr'>ad</span> <span class='ocrx_word' id='word_1_18' title='bbox 459 651 656 700; x_wconf 81' lang='lat' dir='ltr'>animum</span> <span class='ocrx_word' id='word_1_19' title='bbox 684 670 829 701; x_wconf 82' lang='lat' dir='ltr'>meum</span> <span class='ocrx_word' id='word_1_20' title='bbox 863 653 996 719; x_wconf 81' lang='lat' dir='ltr'>quali</span> <span class='ocrx_word' id='word_1_21' title='bbox 1030 654 1199 702; x_wconf 82' lang='lat' dir='ltr'>itinere</span> <span class='ocrx_word' id='word_1_22' title='bbox 1229 654 1278 702; x_wconf 85' lang='lat' dir='ltr'>in</span> <span class='ocrx_word' id='word_1_23' title='bbox 1307 654 1523 722; x_wconf 78' lang='lat' dir='ltr'>provin-</span> 
     </span>
     <span class='ocr_line' id='line_1_5' title="bbox 128 718 1512 788; baseline 0.007 -22"><span class='ocrx_word' id='word_1_24' title='bbox 128 718 218 768; x_wconf 82' lang='lat' dir='ltr'>tiam</span> <span class='ocrx_word' id='word_1_25' title='bbox 248 729 497 788; x_wconf 74' lang='lat' dir='ltr'>pervenias.</span> <span class='ocrx_word' id='word_1_26' title='bbox 555 722 823 775; x_wconf 72' lang='lat' dir='ltr'>Prudenter</span> <span class='ocrx_word' id='word_1_27' title='bbox 861 742 1015 776; x_wconf 73' lang='lat' dir='ltr'>autem</span> <span class='ocrx_word' id='word_1_28' title='bbox 1048 727 1289 788; x_wconf 80' lang='lat' dir='ltr'>constituis</span> <span class='ocrx_word' id='word_1_29' title='bbox 1322 727 1512 778; x_wconf 78' lang='lat' dir='ltr'><em>interim</em></span> 
     </span>
     <span class='ocr_line' id='line_1_6' title="bbox 127 792 1476 867; baseline 0.009 -27"><span class='ocrx_word' id='word_1_30' title='bbox 127 792 282 842; x_wconf 72' lang='lat' dir='ltr'>naribus</span> <span class='ocrx_word' id='word_1_31' title='bbox 296 829 314 851; x_wconf 91' lang='lat'>,</span> <span class='ocrx_word' id='word_1_32' title='bbox 342 795 522 845; x_wconf 79' lang='lat' dir='ltr'>interim</span> <span class='ocrx_word' id='word_1_33' title='bbox 538 798 760 848; x_wconf 72' lang='lat' dir='ltr'>vehiculis</span> <span class='ocrx_word' id='word_1_34' title='bbox 782 805 852 849; x_wconf 80' lang='lat' dir='ltr'>uti</span> <span class='ocrx_word' id='word_1_35' title='bbox 872 833 887 858; x_wconf 86' lang='lat'>,</span> <span class='ocrx_word' id='word_1_36' title='bbox 919 814 1066 867; x_wconf 78' lang='lat' dir='ltr'>prout</span> <span class='ocrx_word' id='word_1_37' title='bbox 1093 800 1209 850; x_wconf 73' lang='lat' dir='ltr'>loca·</span> <span class='ocrx_word' id='word_1_38' title='bbox 1218 797 1476 867; x_wconf 75' lang='lat' dir='ltr'>suaserim·</span> 
     </span>
    </p>
   </div>
   <div class='ocr_carea' id='block_1_3' title="bbox 161 909 1442 1105">
    <p class='ocr_par' dir='ltr' id='par_1_3' title="bbox 161 909 1442 1105">
     <span class='ocr_line' id='line_1_7' title="bbox 161 909 1442 974; baseline 0.01 -13"><span class='ocrx_word' id='word_1_39' title='bbox 161 909 439 967; x_wconf 86' lang='lat' dir='ltr'><strong>XXVIII.</strong></span> <span class='ocrx_word' id='word_1_40' title='bbox 480 915 738 970; x_wconf 75' lang='lat' dir='ltr'>Pumus</span> <span class='ocrx_word' id='word_1_41' title='bbox 778 919 1086 971; x_wconf 71' lang='lat' dir='ltr'>TRAJANo</span> <span class='ocrx_word' id='word_1_42' title='bbox 1126 920 1345 974; x_wconf 70' lang='lat' dir='ltr'>IMPER.</span> <span class='ocrx_word' id='word_1_43' title='bbox 1383 920 1442 974; x_wconf 90' lang='lat' dir='ltr'>S.</span> 
     </span>
     <span class='ocr_line' id='line_1_8' title="bbox 366 1033 1219 1105; baseline 0.008 -22"><span class='ocrx_word' id='word_1_44' title='bbox 366 1033 423 1084; x_wconf 78' lang='lat' dir='ltr'>Ia</span> <span class='ocrx_word' id='word_1_45' title='bbox 447 1034 724 1103; x_wconf 80' lang='lat' dir='ltr'><em>Bithyniam</em></span> <span class='ocrx_word' id='word_1_46' title='bbox 743 1034 799 1104; x_wconf 81' lang='lat' dir='ltr'>se</span> <span class='ocrx_word' id='word_1_47' title='bbox 828 1037 1000 1104; x_wconf 73' lang='lat' dir='ltr'>veniffe</span> <span class='ocrx_word' id='word_1_48' title='bbox 1029 1035 1219 1105; x_wconf 81' lang='lat' dir='ltr'>scribit.</span> 
     </span>
    </p>
   </div>
   <div class='ocr_carea' id='block_1_4' title="bbox 125 1112 1524 2992">
    <p class='ocr_par' dir='ltr' id='par_1_4' title="bbox 125 1112 1524 2992">
     <span class='ocr_line' id='line_1_9' title="bbox 131 1112 1516 1230; baseline 0.008 -26"><span class='ocrx_word' id='word_1_49' title='bbox 131 1112 309 1207; x_wconf 70' lang='lat' dir='ltr'>Slcua·</span> <span class='ocrx_word' id='word_1_50' title='bbox 340 1156 725 1213; x_wconf 82' lang='lat' dir='ltr'>saluberrimam</span> <span class='ocrx_word' id='word_1_51' title='bbox 754 1161 1155 1230; x_wconf 83' lang='lat' dir='ltr'>navigationem</span> <span class='ocrx_word' id='word_1_52' title='bbox 1174 1201 1192 1226; x_wconf 83' lang='lat'>‚</span> <span class='ocrx_word' id='word_1_53' title='bbox 1231 1161 1470 1217; x_wconf 85' lang='lat' dir='ltr'><em>Domine</em></span> <span class='ocrx_word' id='word_1_54' title='bbox 1493 1172 1516 1230; x_wconf 66' lang='grc' dir='ltr'><strong><em>ς</em></strong></span> 
     </span>
     <span class='ocr_line' id='line_1_10' title="bbox 129 1223 1515 1304; baseline 0.007 -24"><span class='ocrx_word' id='word_1_55' title='bbox 129 1223 253 1294; x_wconf 81' lang='lat' dir='ltr'>usque</span> <span class='ocrx_word' id='word_1_56' title='bbox 290 1231 537 1298; x_wconf 87' lang='lat' dir='ltr'>Ephesum</span> <span class='ocrx_word' id='word_1_57' title='bbox 587 1250 875 1302; x_wconf 85' lang='lat' dir='ltr'>expertus·,</span> <span class='ocrx_word' id='word_1_58' title='bbox 913 1235 987 1286; x_wconf 84' lang='lat' dir='ltr'>ita</span> <span class='ocrx_word' id='word_1_59' title='bbox 1024 1235 1147 1288; x_wconf 89' lang='lat' dir='ltr'>inde</span> <span class='ocrx_word' id='word_1_60' title='bbox 1182 1274 1197 1298; x_wconf 84' lang='lat'>‚</span> <span class='ocrx_word' id='word_1_61' title='bbox 1234 1238 1515 1304; x_wconf 84' lang='lat' dir='ltr'>postquam</span> 
     </span>
     <span class='ocr_line' id='line_1_11' title="bbox 127 1301 1515 1378; baseline 0.01 -29"><span class='ocrx_word' id='word_1_62' title='bbox 127 1301 341 1355; x_wconf 84' lang='lat' dir='ltr'>vehiculis</span> <span class='ocrx_word' id='word_1_63' title='bbox 362 1305 462 1357; x_wconf 91' lang='lat' dir='ltr'>iter</span> <span class='ocrx_word' id='word_1_64' title='bbox 490 1308 663 1359; x_wconf 89' lang='lat' dir='ltr'>facere</span> <span class='ocrx_word' id='word_1_65' title='bbox 700 1309 842 1376; x_wconf 88' lang='lat' dir='ltr'>coepi</span> <span class='ocrx_word' id='word_1_66' title='bbox 866 1347 882 1372; x_wconf 93' lang='lat'>,</span> <span class='ocrx_word' id='word_1_67' title='bbox 916 1309 1248 1378; x_wconf 86' lang='lat' dir='ltr'>gravissimis</span> <span class='ocrx_word' id='word_1_68' title='bbox 1273 1309 1476 1363; x_wconf 76' lang='lat' dir='ltr'>aestibus</span> <span class='ocrx_word' id='word_1_69' title='bbox 1495 1348 1515 1374; x_wconf 82' lang='lat'>‚</span> 
     </span>
     <span class='ocr_line' id='line_1_12' title="bbox 129 1376 1513 1451; baseline 0.007 -24"><span class='ocrx_word' id='word_1_70' title='bbox 129 1385 249 1440; x_wconf 74' lang='lat' dir='ltr'>atque</span> <span class='ocrx_word' id='word_1_71' title='bbox 269 1376 415 1430; x_wconf 86' lang='lat' dir='ltr'>etiam</span> <span class='ocrx_word' id='word_1_72' title='bbox 450 1378 718 1432; x_wconf 83' lang='lat' dir='ltr'>febriculis</span> <span class='ocrx_word' id='word_1_73' title='bbox 752 1399 978 1434; x_wconf 87' lang='lat' dir='ltr'>vexatus</span> <span class='ocrx_word' id='word_1_74' title='bbox 1013 1382 1254 1451; x_wconf 86' lang='lat' dir='ltr'>Pergami</span> <span class='ocrx_word' id='word_1_75' title='bbox 1289 1382 1513 1437; x_wconf 70' lang='lat' dir='ltr'>substiti.</span> 
     </span>
     <span class='ocr_line' id='line_1_13' title="bbox 128 1443 1512 1520; baseline 0.01 -26"><span class='ocrx_word' id='word_1_76' title='bbox 128 1443 308 1512; x_wconf 85' lang='lat' dir='ltr'><strong>Rursus,</strong></span> <span class='ocrx_word' id='word_1_77' title='bbox 330 1470 484 1520; x_wconf 91' lang='lat' dir='ltr'>quum</span> <span class='ocrx_word' id='word_1_78' title='bbox 525 1453 819 1506; x_wconf 76' lang='lat' dir='ltr'>transissem</span> <span class='ocrx_word' id='word_1_79' title='bbox 857 1455 916 1507; x_wconf 90' lang='lat' dir='ltr'>in</span> <span class='ocrx_word' id='word_1_80' title='bbox 956 1455 1155 1507; x_wconf 87' lang='lat' dir='ltr'>orarias</span> <span class='ocrx_word' id='word_1_81' title='bbox 1195 1457 1465 1509; x_wconf 84' lang='lat' dir='ltr'>naviculas</span> <span class='ocrx_word' id='word_1_82' title='bbox 1491 1493 1512 1520; x_wconf 82' lang='grc'><em>,</em></span> 
     </span>
     <span class='ocr_line' id='line_1_14' title="bbox 129 1523 1515 1596; baseline 0.011 -29"><span class='ocrx_word' id='word_1_83' title='bbox 129 1523 356 1576; x_wconf 84' lang='lat' dir='ltr'>contrariis</span> <span class='ocrx_word' id='word_1_84' title='bbox 409 1526 589 1579; x_wconf 87' lang='lat' dir='ltr'>ventis</span> <span class='ocrx_word' id='word_1_85' title='bbox 642 1543 877 1580; x_wconf 89' lang='lat' dir='ltr'>retentus</span> <span class='ocrx_word' id='word_1_86' title='bbox 917 1568 933 1591; x_wconf 81' lang='lat'>‚</span> <span class='ocrx_word' id='word_1_87' title='bbox 985 1527 1258 1596; x_wconf 79' lang='lat' dir='ltr'>aliquanto</span> <span class='ocrx_word' id='word_1_88' title='bbox 1312 1528 1515 1582; x_wconf 70' lang='lat' dir='ltr'>tardius</span> 
     </span>
     <span class='ocr_line' id='line_1_15' title="bbox 129 1592 1514 1666; baseline 0.006 -21"><span class='ocrx_word' id='word_1_89' title='bbox 129 1592 251 1656; x_wconf 78' lang='lat' dir='ltr'>quam</span> <span class='ocrx_word' id='word_1_90' title='bbox 284 1597 641 1664; x_wconf 85' lang='lat' dir='ltr'>speraveram,</span> <span class='ocrx_word' id='word_1_91' title='bbox 681 1601 737 1652; x_wconf 91' lang='lat' dir='ltr'>id</span> <span class='ocrx_word' id='word_1_92' title='bbox 773 1601 846 1653; x_wconf 87' lang='lat' dir='ltr'>est</span> <span class='ocrx_word' id='word_1_93' title='bbox 870 1640 887 1666; x_wconf 76' lang='grc'><em>,</em></span> <span class='ocrx_word' id='word_1_94' title='bbox 940 1615 1031 1653; x_wconf 83' lang='lat' dir='ltr'>xv</span> <span class='ocrx_word' id='word_1_95' title='bbox 1069 1601 1294 1654; x_wconf 83' lang='lat' dir='ltr'><strong>Kalend.</strong></span> <span class='ocrx_word' id='word_1_96' title='bbox 1337 1602 1514 1654; x_wconf 66' lang='lat' dir='ltr'>Octo-</span> 
     </span>
     <span class='ocr_line' id='line_1_16' title="bbox 127 1662 1514 1742; baseline 0.007 -24"><span class='ocrx_word' id='word_1_97' title='bbox 127 1662 249 1733; x_wconf 63' lang='grc' dir='ltr'>Ιπβε,</span> <span class='ocrx_word' id='word_1_98' title='bbox 289 1670 592 1742; x_wconf 85' lang='lat' dir='ltr'>Bithyniam</span> <span class='ocrx_word' id='word_1_99' title='bbox 628 1673 846 1727; x_wconf 86' lang='lat' dir='ltr'>intravi.</span> <span class='ocrx_word' id='word_1_100' title='bbox 901 1676 1030 1726; x_wconf 88' lang='lat' dir='ltr'>Non</span> <span class='ocrx_word' id='word_1_101' title='bbox 1084 1673 1292 1741; x_wconf 78' lang='lat' dir='ltr'>poss‘um</span> <span class='ocrx_word' id='word_1_102' title='bbox 1333 1688 1514 1728; x_wconf 79' lang='lat' dir='ltr'>tamen</span> 
     </span>
     <span class='ocr_line' id='line_1_17' title="bbox 130 1737 1516 1817; baseline 0.008 -29"><span class='ocrx_word' id='word_1_103' title='bbox 130 1737 175 1788; x_wconf 82' lang='lat' dir='ltr'>de</span> <span class='ocrx_word' id='word_1_104' title='bbox 203 1757 329 1796; x_wconf 87' lang='lat' dir='ltr'>mora</span> <span class='ocrx_word' id='word_1_105' title='bbox 366 1747 513 1814; x_wconf 88' lang='lat' dir='ltr'>queri</span> <span class='ocrx_word' id='word_1_106' title='bbox 550 1786 566 1809; x_wconf 80' lang='grc'><em>,</em></span> <span class='ocrx_word' id='word_1_107' title='bbox 611 1765 776 1816; x_wconf 89' lang='lat' dir='ltr'>quum</span> <span class='ocrx_word' id='word_1_108' title='bbox 820 1748 953 1800; x_wconf 84' lang='lat' dir='ltr'>mihi</span> <span class='ocrx_word' id='word_1_109' title='bbox 999 1746 1287 1817; x_wconf 88' lang='lat' dir='ltr'>contigerit</span> <span class='ocrx_word' id='word_1_110' title='bbox 1311 1785 1326 1809; x_wconf 81' lang='lat'>,</span> <span class='ocrx_word' id='word_1_111' title='bbox 1368 1748 1516 1815; x_wconf 79' lang='lat' dir='ltr'>quod</span> 
     </span>
     <span class='ocr_line' id='line_1_18' title="bbox 127 1818 1515 1888; baseline 0.008 -26"><span class='ocrx_word' id='word_1_112' title='bbox 127 1825 212 1864; x_wconf 86' lang='lat' dir='ltr'>erat</span> <span class='ocrx_word' id='word_1_113' title='bbox 238 1818 697 1886; x_wconf 84' lang='lat' dir='ltr'>auspicatissimum</span> <span class='ocrx_word' id='word_1_114' title='bbox 718 1862 732 1884; x_wconf 90' lang='lat'>,</span> <span class='ocrx_word' id='word_1_115' title='bbox 771 1824 998 1874; x_wconf 90' lang='lat' dir='ltr'>natalem</span> <span class='ocrx_word' id='word_1_116' title='bbox 1030 1836 1179 1873; x_wconf 88' lang='lat' dir='ltr'>tuum</span> <span class='ocrx_word' id='word_1_117' title='bbox 1213 1820 1271 1872; x_wconf 93' lang='lat' dir='ltr'>in</span> <span class='ocrx_word' id='word_1_118' title='bbox 1292 1821 1515 1888; x_wconf 87' lang='lat' dir='ltr'>provin·</span> 
     </span>
     <span class='ocr_line' id='line_1_19' title="bbox 128 1883 1517 1963; baseline 0.009 -29"><span class='ocrx_word' id='word_1_119' title='bbox 128 1883 190 1937; x_wconf 86' lang='lat' dir='ltr'>cia</span> <span class='ocrx_word' id='word_1_120' title='bbox 216 1893 469 1948; x_wconf 88' lang='lat' dir='ltr'>celebrare.</span> <span class='ocrx_word' id='word_1_121' title='bbox 506 1897 664 1947; x_wconf 77' lang='lat' dir='ltr'>Nunc</span> <span class='ocrx_word' id='word_1_122' title='bbox 692 1895 895 1963; x_wconf 88' lang='lat' dir='ltr'>reipub.</span> <span class='ocrx_word' id='word_1_123' title='bbox 937 1893 1274 1947; x_wconf 86' lang='lat' dir='ltr'>Prusensium</span> <span class='ocrx_word' id='word_1_124' title='bbox 1302 1894 1517 1962; x_wconf 89' lang='lat' dir='ltr'>impen-</span> 
     </span>
     <span class='ocr_line' id='line_1_20' title="bbox 130 1957 1517 2036; baseline 0.001 -16"><span class='ocrx_word' id='word_1_125' title='bbox 130 1957 216 2020; x_wconf 68' lang='lat' dir='ltr'>dia,</span> <span class='ocrx_word' id='word_1_126' title='bbox 246 1967 456 2032; x_wconf 79' lang='lat' dir='ltr'>reditus,</span> <span class='ocrx_word' id='word_1_127' title='bbox 493 1969 761 2021; x_wconf 83' lang='lat' dir='ltr'>debitores</span> <span class='ocrx_word' id='word_1_128' title='bbox 795 1969 1015 2021; x_wconf 83' lang='lat' dir='ltr'>excutio</span> <span class='ocrx_word' id='word_1_129' title='bbox 1055 1988 1069 2021; x_wconf 77' lang='lat' dir='ltr'>z</span> <span class='ocrx_word' id='word_1_130' title='bbox 1111 1969 1257 2036; x_wconf 88' lang='lat' dir='ltr'>quod</span> <span class='ocrx_word' id='word_1_131' title='bbox 1294 1984 1363 2020; x_wconf 79' lang='lat' dir='ltr'>ex</span> <span class='ocrx_word' id='word_1_132' title='bbox 1395 1967 1517 2035; x_wconf 90' lang='lat' dir='ltr'>ipso</span> 
     </span>
     <span class='ocr_line' id='line_1_21' title="bbox 128 2034 1515 2111; baseline 0.006 -25"><span class='ocrx_word' id='word_1_133' title='bbox 128 2034 306 2090; x_wconf 66' lang='lat' dir='ltr'>trastatu</span> <span class='ocrx_word' id='word_1_134' title='bbox 340 2042 506 2111; x_wconf 84' lang='lat' dir='ltr'>magis</span> <span class='ocrx_word' id='word_1_135' title='bbox 559 2059 618 2093; x_wconf 87' lang='lat' dir='ltr'>ac</span> <span class='ocrx_word' id='word_1_136' title='bbox 657 2041 825 2110; x_wconf 85' lang='lat' dir='ltr'>magis</span> <span class='ocrx_word' id='word_1_137' title='bbox 866 2041 1206 2094; x_wconf 74' lang='lat' dir='ltr'>necessarium</span> <span class='ocrx_word' id='word_1_138' title='bbox 1246 2042 1515 2110; x_wconf 89' lang='lat' dir='ltr'>intelligo.</span> 
     </span>
     <span class='ocr_line' id='line_1_22' title="bbox 130 2104 1519 2183; baseline 0.009 -27"><span class='ocrx_word' id='word_1_139' title='bbox 130 2104 277 2160; x_wconf 77' lang='lat' dir='ltr'>Multae</span> <span class='ocrx_word' id='word_1_140' title='bbox 312 2116 451 2167; x_wconf 89' lang='lat' dir='ltr'>enim</span> <span class='ocrx_word' id='word_1_141' title='bbox 478 2114 721 2183; x_wconf 83' lang='lat' dir='ltr'>pecuniae</span> <span class='ocrx_word' id='word_1_142' title='bbox 750 2114 915 2166; x_wconf 87' lang='lat' dir='ltr'>variis</span> <span class='ocrx_word' id='word_1_143' title='bbox 935 2131 1007 2167; x_wconf 82' lang='lat' dir='ltr'>ex</span> <span class='ocrx_word' id='word_1_144' title='bbox 1033 2114 1204 2167; x_wconf 88' lang='lat' dir='ltr'>causis</span> <span class='ocrx_word' id='word_1_145' title='bbox 1228 2131 1257 2166; x_wconf 96' lang='lat' dir='ltr'>a</span> <span class='ocrx_word' id='word_1_146' title='bbox 1288 2114 1519 2182; x_wconf 76' lang='lat' dir='ltr'>privatis</span> 
     </span>
     <span class='ocr_line' id='line_1_23' title="bbox 130 2178 1520 2257; baseline 0.009 -29"><span class='ocrx_word' id='word_1_147' title='bbox 130 2178 415 2241; x_wconf 86' lang='lat' dir='ltr'>detinentur:</span> <span class='ocrx_word' id='word_1_148' title='bbox 449 2205 707 2257; x_wconf 71' lang='lat' dir='ltr'>praeterea</span> <span class='ocrx_word' id='word_1_149' title='bbox 741 2190 978 2257; x_wconf 67' lang='lat' dir='ltr'>quadam</span> <span class='ocrx_word' id='word_1_150' title='bbox 1013 2186 1237 2241; x_wconf 71' lang='lat' dir='ltr'>minime</span> <span class='ocrx_word' id='word_1_151' title='bbox 1259 2187 1520 2257; x_wconf 81' lang='lat' dir='ltr'>legitimis</span> 
     </span>
     <span class='ocr_line' id='line_1_24' title="bbox 130 2252 1522 2332; baseline 0.003 -22"><span class='ocrx_word' id='word_1_152' title='bbox 130 2252 372 2324; x_wconf 81' lang='lat' dir='ltr'>sumptibus</span> <span class='ocrx_word' id='word_1_153' title='bbox 420 2276 729 2332; x_wconf 86' lang='lat' dir='ltr'>erogantur.</span> <span class='ocrx_word' id='word_1_154' title='bbox 793 2263 917 2314; x_wconf 78' lang='lat' dir='ltr'>Haec</span> <span class='ocrx_word' id='word_1_155' title='bbox 963 2261 1060 2313; x_wconf 88' lang='lat' dir='ltr'>tibi</span> <span class='ocrx_word' id='word_1_156' title='bbox 1082 2301 1098 2323; x_wconf 82' lang='grc'>,</span> <span class='ocrx_word' id='word_1_157' title='bbox 1136 2261 1376 2313; x_wconf 89' lang='lat' dir='ltr'>Domine</span> <span class='ocrx_word' id='word_1_158' title='bbox 1401 2301 1418 2325; x_wconf 85' lang='lat'>‚</span> <span class='ocrx_word' id='word_1_159' title='bbox 1459 2262 1522 2314; x_wconf 86' lang='lat' dir='ltr'>in</span> 
     </span>
     <span class='ocr_line' id='line_1_25' title="bbox 129 2321 1521 2402; baseline 0.005 -19"><span class='ocrx_word' id='word_1_160' title='bbox 129 2321 219 2391; x_wconf 73' lang='lat' dir='ltr'>ipso</span> <span class='ocrx_word' id='word_1_161' title='bbox 238 2330 452 2402; x_wconf 86' lang='lat' dir='ltr'>ingreffu</span> <span class='ocrx_word' id='word_1_162' title='bbox 474 2353 600 2388; x_wconf 91' lang='lat' dir='ltr'>meo</span> <span class='ocrx_word' id='word_1_163' title='bbox 619 2334 823 2402; x_wconf 86' lang='lat' dir='ltr'>scripsi.</span> <span class='ocrx_word' id='word_1_164' title='bbox 844 2334 1263 2401; x_wconf 86' lang='lat' dir='ltr'>Quintodecimo</span> <span class='ocrx_word' id='word_1_165' title='bbox 1288 2335 1521 2391; x_wconf 88' lang='lat' dir='ltr'>Kalend.</span> 
     </span>
     <span class='ocr_line' id='line_1_26' title="bbox 128 2397 1523 2477; baseline 0.005 -24"><span class='ocrx_word' id='word_1_166' title='bbox 128 2397 286 2458; x_wconf 69' lang='lat' dir='ltr'>Ostob.</span> <span class='ocrx_word' id='word_1_167' title='bbox 315 2409 555 2461; x_wconf 87' lang='lat' dir='ltr'>Domine</span> <span class='ocrx_word' id='word_1_168' title='bbox 576 2449 590 2472; x_wconf 86' lang='lat'>‚</span> <span class='ocrx_word' id='word_1_169' title='bbox 624 2408 958 2477; x_wconf 85' lang='lat' dir='ltr'>provinciam</span> <span class='ocrx_word' id='word_1_170' title='bbox 992 2407 1227 2470; x_wconf 85' lang='lat' dir='ltr'>intravi,</span> <span class='ocrx_word' id='word_1_171' title='bbox 1262 2425 1423 2476; x_wconf 89' lang='lat' dir='ltr'>quam</span> <span class='ocrx_word' id='word_1_172' title='bbox 1461 2409 1523 2459; x_wconf 85' lang='lat' dir='ltr'>in</span> 
     </span>
     <span class='ocr_line' id='line_1_27' title="bbox 128 2479 1522 2552; baseline 0.004 -24"><span class='ocrx_word' id='word_1_173' title='bbox 128 2487 178 2523; x_wconf 74' lang='lat' dir='ltr'>eo</span> <span class='ocrx_word' id='word_1_174' title='bbox 204 2479 443 2549; x_wconf 87' lang='lat' dir='ltr'>obsequio</span> <span class='ocrx_word' id='word_1_175' title='bbox 464 2523 480 2545; x_wconf 86' lang='lat'><strong>‚</strong></span> <span class='ocrx_word' id='word_1_176' title='bbox 514 2485 572 2534; x_wconf 89' lang='lat' dir='ltr'>in</span> <span class='ocrx_word' id='word_1_177' title='bbox 592 2500 653 2535; x_wconf 89' lang='lat' dir='ltr'>ea</span> <span class='ocrx_word' id='word_1_178' title='bbox 680 2499 801 2552; x_wconf 89' lang='lat' dir='ltr'>erga</span> <span class='ocrx_word' id='word_1_179' title='bbox 819 2496 872 2533; x_wconf 88' lang='lat' dir='ltr'>te</span> <span class='ocrx_word' id='word_1_180' title='bbox 891 2480 997 2532; x_wconf 87' lang='lat' dir='ltr'>fide</span> <span class='ocrx_word' id='word_1_181' title='bbox 1019 2520 1034 2543; x_wconf 85' lang='lat'>,</span> <span class='ocrx_word' id='word_1_182' title='bbox 1067 2497 1224 2549; x_wconf 87' lang='lat' dir='ltr'>quam</span> <span class='ocrx_word' id='word_1_183' title='bbox 1243 2482 1306 2532; x_wconf 88' lang='lat' dir='ltr'>de</span> <span class='ocrx_word' id='word_1_184' title='bbox 1327 2498 1522 2551; x_wconf 85' lang='lat' dir='ltr'>genere</span> 
     </span>
     <span class='ocr_line' id='line_1_28' title="bbox 127 2543 1523 2621; baseline 0.005 -21"><span class='ocrx_word' id='word_1_185' title='bbox 127 2543 320 2605; x_wconf 83' lang='lat' dir='ltr'>humano</span> <span class='ocrx_word' id='word_1_186' title='bbox 342 2556 563 2608; x_wconf 88' lang='lat' dir='ltr'>mereris</span> <span class='ocrx_word' id='word_1_187' title='bbox 585 2595 601 2618; x_wconf 82' lang='lat'><em>‚</em></span> <span class='ocrx_word' id='word_1_188' title='bbox 628 2555 833 2607; x_wconf 90' lang='lat' dir='ltr'>inveni.</span> <span class='ocrx_word' id='word_1_189' title='bbox 874 2554 1093 2621; x_wconf 87' lang='lat' dir='ltr'>Dispice</span> <span class='ocrx_word' id='word_1_190' title='bbox 1113 2593 1129 2615; x_wconf 81' lang='grc'>,</span> <span class='ocrx_word' id='word_1_191' title='bbox 1149 2554 1390 2607; x_wconf 90' lang='lat' dir='ltr'>Domine</span> <span class='ocrx_word' id='word_1_192' title='bbox 1411 2594 1428 2617; x_wconf 84' lang='lat'>‚</span> <span class='ocrx_word' id='word_1_193' title='bbox 1451 2571 1523 2611; x_wconf 79' lang='lat' dir='ltr'>an</span> 
     </span>
     <span class='ocr_line' id='line_1_29' title="bbox 125 2624 1521 2697; baseline 0.004 -23"><span class='ocrx_word' id='word_1_194' title='bbox 125 2624 425 2680; x_wconf 83' lang='lat' dir='ltr'>neceffarium</span> <span class='ocrx_word' id='word_1_195' title='bbox 455 2645 610 2697; x_wconf 85' lang='lat' dir='ltr'>putes</span> <span class='ocrx_word' id='word_1_196' title='bbox 632 2669 647 2692; x_wconf 85' lang='lat'>,</span> <span class='ocrx_word' id='word_1_197' title='bbox 687 2629 897 2679; x_wconf 88' lang='lat' dir='ltr'>mittere</span> <span class='ocrx_word' id='word_1_198' title='bbox 927 2629 1031 2678; x_wconf 91' lang='lat' dir='ltr'>huc</span> <span class='ocrx_word' id='word_1_199' title='bbox 1054 2627 1371 2680; x_wconf 83' lang='lat' dir='ltr'>mensorem.</span> <span class='ocrx_word' id='word_1_200' title='bbox 1414 2628 1521 2682; x_wconf 81' lang='lat' dir='ltr'>Vi-</span> 
     </span>
     <span class='ocr_line' id='line_1_30' title="bbox 127 2692 1520 2769; baseline 0 -17"><span class='ocrx_word' id='word_1_201' title='bbox 127 2692 278 2752; x_wconf 74' lang='lat' dir='ltr'>dentur</span> <span class='ocrx_word' id='word_1_202' title='bbox 300 2703 443 2754; x_wconf 88' lang='lat' dir='ltr'>enim</span> <span class='ocrx_word' id='word_1_203' title='bbox 468 2720 582 2754; x_wconf 91' lang='lat' dir='ltr'>non</span> <span class='ocrx_word' id='word_1_204' title='bbox 610 2702 902 2753; x_wconf 88' lang='lat' dir='ltr'>mediocres</span> <span class='ocrx_word' id='word_1_205' title='bbox 931 2700 1168 2769; x_wconf 73' lang='lat' dir='ltr'>pecuniae</span> <span class='ocrx_word' id='word_1_206' title='bbox 1190 2700 1336 2767; x_wconf 85' lang='lat' dir='ltr'>poffe</span> <span class='ocrx_word' id='word_1_207' title='bbox 1358 2717 1520 2752; x_wconf 89' lang='lat' dir='ltr'>revo-</span> 
     </span>
     <span class='ocr_line' id='line_1_31' title="bbox 126 2768 1524 2842; baseline 0.004 -22"><span class='ocrx_word' id='word_1_208' title='bbox 126 2768 206 2820; x_wconf 77' lang='lat' dir='ltr'>cari</span> <span class='ocrx_word' id='word_1_209' title='bbox 234 2788 259 2823; x_wconf 90' lang='lat' dir='ltr'>a</span> <span class='ocrx_word' id='word_1_210' title='bbox 287 2776 615 2827; x_wconf 86' lang='lat' dir='ltr'>curatoribus</span> <span class='ocrx_word' id='word_1_211' title='bbox 645 2792 868 2842; x_wconf 86' lang='lat' dir='ltr'>operum</span> <span class='ocrx_word' id='word_1_212' title='bbox 891 2813 906 2837; x_wconf 84' lang='lat'>‚</span> <span class='ocrx_word' id='word_1_213' title='bbox 932 2773 980 2825; x_wconf 83' lang='lat' dir='ltr'>si</span> <span class='ocrx_word' id='word_1_214' title='bbox 1011 2773 1264 2826; x_wconf 66' lang='lat' dir='ltr'>mensurae</span> <span class='ocrx_word' id='word_1_215' title='bbox 1294 2772 1524 2825; x_wconf 83' lang='lat' dir='ltr'>fideliter</span> 
     </span>
     <span class='ocr_line' id='line_1_32' title="bbox 125 2846 1523 2916; baseline 0.004 -22"><span class='ocrx_word' id='word_1_216' title='bbox 125 2855 329 2908; x_wconf 81' lang='lat' dir='ltr'>aguntur.</span> <span class='ocrx_word' id='word_1_217' title='bbox 362 2850 436 2900; x_wconf 91' lang='lat' dir='ltr'>lta</span> <span class='ocrx_word' id='word_1_218' title='bbox 470 2848 613 2902; x_wconf 77' lang='lat' dir='ltr'>certe</span> <span class='ocrx_word' id='word_1_219' title='bbox 648 2849 917 2916; x_wconf 87' lang='lat' dir='ltr'>prospicio</span> <span class='ocrx_word' id='word_1_220' title='bbox 954 2863 1025 2898; x_wconf 84' lang='lat' dir='ltr'>ex</span> <span class='ocrx_word' id='word_1_221' title='bbox 1054 2846 1262 2900; x_wconf 84' lang='lat' dir='ltr'>rarione</span> <span class='ocrx_word' id='word_1_222' title='bbox 1299 2847 1523 2901; x_wconf 86' lang='lat' dir='ltr'>Prusen-</span> 
     </span>
     <span class='ocr_line' id='line_1_33' title="bbox 126 2913 1138 2992; baseline 0.007 -23"><span class='ocrx_word' id='word_1_223' title='bbox 126 2913 236 2969; x_wconf 81' lang='lat' dir='ltr'>sium</span> <span class='ocrx_word' id='word_1_224' title='bbox 254 2957 269 2984; x_wconf 83' lang='lat'><strong>,</strong></span> <span class='ocrx_word' id='word_1_225' title='bbox 298 2938 457 2992; x_wconf 85' lang='lat' dir='ltr'>quam</span> <span class='ocrx_word' id='word_1_226' title='bbox 497 2940 661 2992; x_wconf 88' lang='lat' dir='ltr'>quum</span> <span class='ocrx_word' id='word_1_227' title='bbox 685 2919 918 2975; x_wconf 69' lang='lat' dir='ltr'>maxime</span> <span class='ocrx_word' id='word_1_228' title='bbox 951 2920 1138 2976; x_wconf 66' lang='lat' dir='ltr'>nasto-</span> 
     </span>
    </p>
   </div>
  </div>
 </body>
</html>
