1951 3720
370 305 512 381 274
713 287 982 354 CAII
1054 287 1480 355 PLINII

358 404 799 460 consuetudinem
822 407 972 461 serva
994 447 1011 472 ‚
1035 409 1293 479 nobisque
1321 408 1400 464 sic
1429 408 1641 464 rusticis
1660 411 1810 466 utba-

363 496 434 534 na
463 480 575 533 acta
604 481 885 551 perscribe.
929 483 1088 537 Vale.

398 601 577 659 XVI.
614 603 945 657 Pznuus
984 604 1482 658 ΜΔκιιιΑΝο
1526 618 1681 660 suo
1717 607 1773 660 S.

361 703 481 754 Non
517 703 634 753 libet
663 703 826 753 venari
843 738 860 761 ,
880 718 1085 770 propter
1101 702 1436 754 vindemiarum
1466 704 1804 773 gra‘cilitatent.

427 799 585 870 Igitur
594 818 685 868 pro
706 797 858 868 mulso
876 817 1025 851 novos
1046 796 1104 867 se
1122 801 1377 852 versiculos
1403 801 1643 870 miffar-um
1664 804 1755 856 ait.

369 886 429 978 S
450 936 758 976 UMMAM
800 937 851 976 te
891 925 1229 992 voluptatem
1270 923 1559 993 percepiss'e
1602 942 1675 979 ex
1712 925 1813 981 isto

361 997 747 1065 copiosissimo
776 1014 969 1067 genere
1004 998 1236 1050 venandi
1269 1015 1383 1051 non
1404 999 1577 1051 mir-or
1595 1039 1611 1063 ,
1647 1017 1811 1069 quum

361 1071 739 1124 historicorum
781 1087 932 1125 more
974 1070 1165 1127 scribas
1214 1089 1493 1127 munerum
1529 1072 1662 1125 iniri
1701 1091 1812 1127 non

361 1143 612 1214 potuiffe.
670 1145 844 1198 Nobis
881 1145 1067 1198 venari
1109 1161 1207 1198 nec
1240 1162 1395 1199 vacat
1426 1185 1441 1209 ‚
1484 1162 1586 1199 nec
1630 1147 1812 1201 liber:

362 1236 479 1271 non
513 1232 668 1271 vacat
699 1257 715 1281 ,
762 1219 890 1287 quia
927 1217 1215 1272 vindemiae
1254 1219 1311 1272 in
1352 1219 1598 1273 manibus
1635 1240 1653 1279 ·‚
1699 1238 1811 1273 non

361 1293 520 1355 libet,
560 1292 684 1360 quia
706 1294 936 1362 exiguae.
957 1294 1304 1346 Devehemus
1322 1310 1501 1347 tamen
1527 1311 1633 1363 pro
1656 1312 1813 1348 novo

360 1366 535 1418 musto
575 1382 754 1419 novos
790 1366 1092 1418 versiculos
1122 1406 1138 1431 ,
1187 1367 1393 1437 tibique
1423 1367 1811 1432 iucundissime

360 1439 632 1509 exigenti,
657 1453 717 1490 ut
739 1440 974 1508 primum
1001 1441 1323 1494 videbuntur
1344 1441 1621 1496 deferviffe
1636 1482 1655 1508 ‚
1682 1444 1814 1496 mit-

358 1527 557 1570 temus.
591 1513 750 1566 Vale.

419 1635 637 1689 XVII.
677 1633 1007 1688 Ptnnvs
1051 1634 1458 1692 Genu-0111
1500 1640 1762 1692 suos.

391 1759 394 1764 ·
434 1734 674 1786 ferendos
705 1733 908 1785 aliorum
937 1752 1120 1791 mores,
1146 1750 1199 1784 ut
1222 1735 1302 1786 illi
1335 1737 1513 1799 nostros
1535 1736 1744 1788 invicem

985 1830 1174 1899 ferant·-

362 1917 444 2010 Β
466 1969 549 2007 ec
568 1970 602 2007 ε
620 1971 651 2008 r
668 1970 691 2007 1
724 1968 841 2008 tuas
878 1954 1082 2008 litteras
1105 1996 1120 2020 ‚
1147 1957 1339 2027 quibus
1377 1957 1614 2028 quereris
1646 1958 1808 2013 taedio

359 2028 458 2080 tibi
498 2029 650 2081 fuiss'e
693 2029 940 2098 quamvis
981 2030 1333 2084 lautissimam
1367 2049 1578 2085 coenam
1613 2073 1629 2096 ‚
1687 2034 1809 2103 quia

358 2102 547 2154 scurrae
571 2142 586 2166 ‚
624 2103 813 2154 cinaedi
845 2143 860 2167 ‚
910 2104 1187 2156 moriones
1237 2106 1435 2157 mensis
1486 2107 1811 2159 inex-rabant.

360 2175 467 2227 Vis
519 2190 580 2227 tu
631 2177 903 2228 remittere
945 2177 1145 2246 aliquid
1197 2195 1272 2230 ex·
1305 2179 1450 2248 mgis
1485 2181 1506 2233 ἓ
1550 2180 1806 2248 Equidem

356 2249 494 2301 nihil
520 2251 624 2301 tale
641 2250 812 2302 habeo
838 2291 851 2314 ‚
890 2250 1143 2304 habentes
1173 2267 1351 2305 tamen
1370 2253 1503 2306 fero,
1547 2256 1657 2306 Cm¹
1679 2271 1805 2324 ergo

355 2339 472 2375 non
499 2323 670 2375 habeo
694 2327 715 2377 ἓ
750 2323 875 2392 quia
906 2341 1242 2395 nequaquam
1272 2344 1360 2380 me
1388 2342 1448 2377 ut
1475 2327 1809 2396 inexspeffl-

355 2411 474 2449 tum
503 2396 819 2451 festivumve
855 2398 1078 2451 delectat
1102 2440 1118 2463 ‚
1161 2400 1208 2452 si
1241 2400 1366 2469 quid
1390 2403 1559 2453 molle
1582 2419 1612 2453 a
1647 2401 1807 2454 cinae-

356 2473 430 2523 do
450 2511 465 2535 ‚
507 2475 751 2539 petulans
779 2490 809 2524 a
844 2473 1018 2525 scurra
1037 2512 1052 2536 ‚
1091 2473 1303 2526 stultum
1329 2492 1357 2527 a
1388 2474 1642 2528 morione
1671 2492 1811 2543 pro*

355 2547 540 2599 fertur.
574 2547 704 2600 Non
726 2548 991 2599 rationem
1005 2587 1020 2611 ‚
1052 2549 1141 2599 sed
1158 2547 1486 2604 stomachum
1506 2549 1606 2602 tibi
1626 2566 1805 2602 narro.

358 2622 535 2689 Atque
565 2623 699 2675 adeo
728 2621 894 2691 quem
917 2623 1119 2674 multos
1139 2638 1292 2690 putas
1314 2622 1419 2675 effe
1440 2661 1457 2684 ‚
1484 2639 1621 2692 quos
1650 2621 1806 2692 aeque

359 2712 421 2747 ea
441 2734 457 2759 ‚
498 2694 688 2764 quibus
715 2713 821 2768 ego.
853 2696 905 2747 &
936 2710 997 2747 tu
1034 2698 1272 2764 capimur
1304 2698 1359 2749 δε
1386 2697 1661 2761 ducimur,
1680 2713 1806 2764 par-

354 2768 455 2821 tim
475 2784 533 2821 ut
553 2770 734 2837 inepta
756 2810 771 2834 ‚
804 2769 1001 2838 partim
1019 2785 1086 2821 ur
1098 2770 1467 2823 molestissima
1488 2769 1763 2824 offendant
1780 2771 1805 2821 ἓ

355 2843 533 2909 Quem
551 2845 710 2897 multi·
726 2885 739 2906 ‚
766 2861 933 2913 quum
949 2843 1120 2896 leston·
1138 2860 1227 2897 aut
1255 2844 1462 2915 lyristes
1484 2859 1573 2898 aut
1589 2859 1810 2895 comoe·

353 2920 449 2971 dus
487 2918 730 2990 industus
753 2918 826 2972 est
845 2958 868 2984 2
894 2921 1100 2973 calceos
1125 2920 1352 2988 poscunt
1371 2958 1389 2985 ,
1422 2934 1517 2973 aut
1545 2934 1651 2971 non
1696 2916 1808 2968 mi·
