1951 3720
412 310 687 376 EP'I'S
723 325 849 376 To
882 325 1047 378 LAE.
1101 308 1245 378 Lib.
1283 311 1375 380 11.
1533 327 1621 403 33

200 428 1617 575 &affiaffissffiffiffiu-

195 652 642 738 LIBER
761 650 1610 741 SECUNDUS.

291 810 337 863 1.
383 811 448 863 C.
490 810 827 866 Ptnuus
865 812 1222 863 RoMAno
1264 821 1412 860 suo
1454 811 1510 864 S.

252 928 309 984 V
303 930 529 1000 irginium
552 930 750 997 publico
774 929 944 998 fimeta
981 928 1155 980 elatum
1181 929 1320 995 justis
1336 922 1554 985 'laudibus

430 1021 752 1091 prosequitur.
775 1024 897 1081 Vide
922 1030 950 1074 6
968 1057 986 1089 ,
1012 1041 1094 1089 eo,
1120 1022 1167 1073 6·
1189 1042 1219 1089 9
1242 1058 1260 1082 ,
1287 1041 1367 1089 19.

181 1124 250 1219 P
268 1179 307 1218 ο
327 1180 355 1218 s
374 1180 415 1218 'r
448 1167 660 1237 aliquot
692 1185 860 1221 annos
880 1166 1090 1238 insigne
1113 1206 1126 1228 ,
1151 1181 1307 1236 atque
1331 1168 1490 1223 etiam
1512 1185 1628 1224 me-

176 1240 435 1292 morabile
457 1243 651 1310 populi
668 1242 898 1295 Romani
917 1242 1090 1294 oculis
1110 1241 1460 1308 spectaculum
1473 1245 1632 1296 *exhi-

178 1312 289 1364 buit
330 1314 615 1382 publicum
643 1316 799 1368 funus
833 1314 1072 1385 Virginii
1107 1313 1233 1365 Rufi
1254 1354 1269 1377 ‚
1311 1316 1535 1367 maximi
1576 1319 1629 1369 δε

173 1385 461 1439 clarissimi
486 1388 653 1453 civiS,
680 1390 732 1440 &
751 1388 968 1457 perinde
993 1387 1183 1441 felicis.
1209 1387 1451 1457 Triginta
1475 1390 1629 1444 annis

175 1460 362 1527 gloriae
387 1461 495 1513 suae
516 1462 993 1531 supervixit.Legit
1012 1461 1202 1528 scripta
1219 1462 1284 1513 de
1306 1462 1358 1513 se
1378 1464 1629 1527 carmina,

175 1533 303 1602 legit
340 1534 625 1598 historias,
653 1536 707 1588 ὅτ.
742 1535 1036 1604 posteritati
1073 1534 1177 1586 suae
1214 1532 1471 1589 interfuit.
1510 1536 1632 1588 Per-

173 1604 387 1659 sunaus
424 1607 503 1660 est
542 1608 704 1661 tertio
741 1609 1017 1661 consulatu
1038 1648 1054 1672 ,
1091 1622 1151 1660 ut
1181 1607 1445 1660 ffimmum
1486 1609 1630 1661 fasti-

173 1678 318 1748 gium
352 1681 566 1748 privati
600 1682 837 1734 hominis
871 1681 1121 1750 impleret
1141 1720 1155 1743 ,
1186 1698 1352 1749 quum
1372 1683 1631 1749 principis

172 1754 448 1807 noluiffet.
475 1756 705 1807 Caesares
721 1795 735 1818 ,
758 1756 947 1823 quibus
966 1753 1235 1822 suspessus
1252 1793 1267 1816 ‚
1293 1768 1450 1822 atque
1469 1755 1632 1808 etiam

172 1825 382 1881 invisus
413 1828 705 1881 virtutibus
742 1829 911 1882 fuerat
932 1869 946 1892 ‚
979 1827 1154 1881 evasit
1180 1842 1194 1876 t
1225 1826 1443 1896 reliquit
1478 1828 1631 1882 inco·

175 1904 378 1954 lumem
420 1902 691 1971 optimum
722 1918 879 1971 atque
915 1901 1297 1954 amicissimum
1319 1941 1334 1965 ,
1362 1916 1631 1973 tamquam

175 1977 236 2026 ad
262 1978 412 2028 hunc
453 1977 625 2045 ipsum
660 1978 925 2028 honorem
945 1975 1142 2044 publici
1172 1975 1372 2028 funeris
1392 1978 1631 2030 reserva-

176 2063 278 2101 tus.
313 2051 537 2102 Annum
570 2049 785 2102 tertium
815 2050 869 2102 &
897 2048 1290 2118 octogesimum
1311 2051 1544 2102 excessit
1572 2051 1631 2102 in

177 2123 439 2175 altissima
473 2123 855 2192 tranquillitate
876 2162 891 2185 ‚
924 2123 1040 2191 pari
1078 2122 1447 2176 veneratione.
1490 2124 1633 2176 Usus

175 2195 249 2248 est
282 2196 445 2248 firma
486 2196 829 2255 valetudine3
865 2195 971 2247 nisi
1011 2194 1154 2264 quod
1190 2195 1428 2247 solebant
1450 2196 1501 2248 ei
1524 2214 1634 2249 ma-

175 2286 275 2322 nus
313 2284 547 2323 tremere
571 2309 587 2334 ,
627 2269 757 2322 citra
781 2270 1028 2321 dolorem
1052 2283 1231 2321 tamen
1257 2287 1269 2321 :
1308 2269 1478 2321 aditus
1512 2286 1631 2322 tan·

179 2343 293 2394 tum
334 2343 531 2395 mortis
555 2343 738 2394 durior
759 2342 1083 2412 longiorque
1104 2381 1118 2405 ,
1145 2342 1232 2394 sed
1266 2342 1354 2394 hic
1384 2343 1495 2410 ipse
1518 2346 1635 2396 lau-

176 2416 384 2470 dabilis.
430 2418 568 2468 Nam
593 2432 759 2485 quum
798 2432 997 2468 vocem
1027 2429 1378 2483 praepataret,
1423 2416 1636 2470 asturus

177 2487 232 2540 in
255 2489 542 2542 consulatu
569 2488 807 2556 Principi
843 2489 1036 2558 gratias
1058 2528 1072 2552 ,
1111 2489 1244 2540 liber
1263 2529 1278 2552 ‚
1311 2506 1469 2559 quem
1488 2489 1635 2543 forte

176 2579 454 2632 acceperat
473 2563 811 2633 grandiorem
834 2601 848 2624 ,
889 2563 943 2613 δι
962 2562 1075 2613 seni
1105 2563 1157 2613 δι
1174 2561 1327 2613 stanti
1348 2563 1466 2630 ipso
1486 2581 1632 2631 pon-

176 2638 299 2689 dere
333 2638 544 2705 elapsus
568 2635 659 2688 est.
699 2636 857 2687 Hunc
886 2636 1012 2687 dum
1042 2635 1383 2705 consequitur
1405 2638 1642 2706 colligit-

179 2727 280 2778 que
303 2751 319 2774 ,
358 2726 456 2778 per
488 2712 613 2762 leve
639 2710 691 2760 &
726 2709 988 2761 lubricum
1019 2708 1387 2776 pavimentum
1417 2709 1636 2762 fallente

177 2783 408 2853 vestigio
442 2782 636 2835 cecidit
664 2822 678 2845 ,
712 2797 1014 2850 coxamque
1051 2781 1246 2851 fregit3
1293 2797 1410 2850 quae
1447 2799 1634 2849 parum

180 2857 303 2925 apte
336 2858 606 2909 collocata
621 2896 636 2918 ,
657 2855 945 2907 reluctante
966 2870 1120 2907 aetate
1135 2895 1150 2918 ,
1178 2853 1318 2906 male
1338 2853 1488 2907 coiit.
1517 2856 1637 2904 Hu-

172 2929 265 2996 ius
294 2930 403 2984 viri
444 2929 715 2999 exsequiae
775 2945 1027 3000 magnum
1079 2939 1452 3052 ornamzntum
1489 2926 1635 2979 Prin·

1355 3018 1393 3053 v
