1951 3720
376 335 983 403 EPISTOLAE.
1024 332 1171 401 Lib.
1200 333 1312 402 111.
1476 353 1565 425 73

268 455 379 510 VI.
421 455 759 508 Ptntxus
799 454 1113 505 SEVERO
1159 467 1303 505 suo
1344 452 1399 505 S.

143 577 358 632 Positum
383 577 519 630 Comi
544 577 593 626 in
627 575 804 642 templo
833 572 968 625 Iovis
989 573 1166 642 signum
1192 571 1296 621 aeris
1337 571 1574 622 Corinthii

198 652 363 719 affabri
378 651 560 718 faft'um
586 683 601 709 ,
632 664 770 718 rogat
807 663 859 696 ut
889 645 1038 697 basim
1074 665 1134 696 ex
1168 664 1257 714 quo
1288 647 1410 696 velit
1445 664 1574 696 mar-

198 744 313 778 more
331 726 452 795 fieri
480 739 631 774 curet.

140 839 258 933 Ex
293 880 588 933 hereditate
611 920 626 944 ‚
666 897 784 949 quae
827 877 961 931 mihi
1000 877 1224 933 obvenit
1248 922 1265 945 ‚
1306 880 1413 934 emi
1450 898 1572 951 pro·

139 953 264 1006 xime
304 954 650 1007 Corinthium
695 954 909 1022 signum
935 992 950 1016 ‚
990 957 1260 1007 modicum
1305 957 1520 1025 quidem
1548 989 1568 1021 ·‚

138 1026 212 1078 sed
241 1027 486 1080 festivum
526 1028 580 1078 δε
603 1027 902 1095 expressum
924 1066 938 1090 ,
973 1043 1227 1095 quantum
1251 1047 1353 1099 ey>
1378 1030 1527 1097 sapio
1552 1070 1568 1094 ,

137 1101 215 1168 qui
245 1100 454 1153 fortaffe
492 1100 552 1151 in
582 1100 735 1152 omni
770 1117 826 1151 re
851 1140 864 1159 ,
904 1100 961 1151 in
992 1102 1088 1152 hac
1128 1103 1270 1155 certe
1312 1120 1569 1172 perquam

138 1173 368 1243 exiguum
405 1175 577 1242 sapio.
614 1175 737 1225 Hoc
766 1188 946 1225 tamen
978 1173 1193 1242 signum
1223 1192 1326 1244 ego
1351 1193 1568 1245 quoque

136 1244 379 1318 intelligo,
415 1249 502 1300 Est
532 1248 677 1300 enim
705 1250 902 1299 nudum
921 1287 936 1310 ‚
965 1263 1064 1299 nec
1090 1262 1180 1299 aut
1196 1249 1335 1300 vitia
1356 1288 1370 1311 ‚
1394 1249 1439 1301 si
1464 1265 1569 1318 qua

134 1320 238 1372 sunt
258 1361 273 1384 ‚
306 1324 481 1382 celat;
515 1338 607 1373 aut
638 1323 817 1372 laudes
846 1338 1031 1388 parum
1064 1320 1309 1374 ostentat.
1353 1323 1569 1392 Effingit

135 1393 294 1446 senem
331 1395 594 1447 stantem:
635 1393 743 1446 ofl‘a
767 1432 782 1455 ,
826 1394 1091 1457 musculi,
1132 1395 1327 1456 nervi,
1367 1412 1521 1448 venae
1547 1436 1564 1458 ,

133 1482 260 1537 tuga:
289 1469 451 1521 etiam
480 1484 542 1519 ut
578 1468 824 1536 spirantis
847 1481 1101 1535 apparent
1124 1487 1137 1519 z
1181 1469 1357 1520 rari&
1381 1472 1566 1521 ceden-

134 1553 202 1593 tes
237 1542 449 1610 capilli,
499 1544 605 1594 lata
646 1541 794 1593 frons
816 1576 840 1608 ,7
870 1539 1141 1592 εοιιττειᾶει
1176 1541 1335 1593 facies
1357 1581 1373 1603 ,
1418 1544 1565 1596 ¹exile

133 1615 342 1668 collum:
368 1617 602 1684 pendent
624 1613 835 1677 lacerti,
860 1615 1071 1682 papillae
1104 1611 1278 1677 jacent
1298 1654 1315 1678 ‚
1339 1616 1561 1668 recessit

132 1703 319 1743 venter.
360 1691 409 1741 A
439 1704 593 1759 tergo
626 1704 841 1773 quoque
870 1690 1057 1739 eadem
1076 1698 1201 1740 aetas
1219 1729 1233 1752 ‚
1254 1703 1314 1739 ut
1338 1705 1365 1739 a
1385 1703 1557 1757 tergo.

133 1759 215 1813 AEs
236 1762 405 1831 ipsum
426 1802 441 1826 ‚
476 1776 731 1831 quantum
766 1776 928 1813 verus
960 1763 1114 1812 color
1138 1760 1361 1824 indicat,
1401 1777 1560 1814 vetus

138 1834 182 1886 δι
209 1837 499 1907 antiquum.
548 1834 699 1888 Talia
732 1833 962 1903 denique
996 1833 1178 1887 omnia
1199 1875 1212 1899 ‚
1247 1850 1308 1886 ut
1344 1835 1560 1904 possint

135 1909 376 1962 artificum
413 1911 577 1962 etiam
614 1911 801 1962 oculos
837 1923 1021 1960 tenere
1042 1948 1057 1972 ‚
1091 1908 1347 1961 delectare
1384 1911 1557 1979 impe-

135 1980 356 2038 ritorum.
422 1984 587 2050 Quod
627 1998 713 2034 me
751 2021 767 2045 ,
819 1998 1138 2050 quamquam
1181 1982 1507 2037 tirunculum
1541 2024 1559 2048 ,

135 2054 427 2110 sollicitavit
462 2058 529 2108 ad
568 2057 868 2108 emendum.
938 2056 1059 2107 Emi
1096 2070 1271 2108 autem
1295 2097 1310 2119 ‚
1350 2073 1461 2108 non
1498 2072 1560 2109 ut

132 2127 358 2182 haberem
379 2131 529 2182 domi
550 2131 572 2197 (
595 2146 766 2197 neque
802 2128 948 2180 enirn
972 2132 1142 2182 ullum
1172 2131 1337 2185 adhuc
1360 2130 1556 2183 Corin-

133 2203 287 2254 thium
316 2204 467 2256 domi
502 2205 670 2254 habeo
702 2203 724 2269 )
755 2202 943 2253 verum
978 2218 1038 2254 ut
1076 2202 1133 2253 in
1172 2204 1340 2269 patria
1381 2202 1557 2256 nostra

132 2277 310 2329 celebri
338 2280 467 2329 loco
499 2291 759 2343 ponerem
778 2314 794 2339 ,
827 2289 887 2326 ac
924 2276 1271 2343 potissimum
1303 2277 1361 2328 in
1394 2277 1559 2331 jovis

132 2353 338 2418 templo.
377 2351 609 2402 Videtur
629 2349 773 2401 enim
796 2349 1016 2418 dignum
1054 2351 1257 2417 templo
1277 2389 1293 2413 ‚
1338 2350 1557 2421 dignum

131 2421 242 2475 Deo
277 2426 498 2477 donum.
549 2424 636 2475 Tu
668 2439 796 2491 ergo
818 2462 832 2487 ‚
879 2437 938 2474 ut
975 2424 1115 2475 soles
1153 2424 1334 2474 omnia
1372 2442 1487 2493 quae
1528 2441 1561 2477 a

132 2511 208 2547 me
244 2496 340 2549 tibi
379 2496 726 2567 injunguntur
749 2535 764 2558 ,
808 2496 1013 2563 suscipe
1061 2498 1196 2548 hauc
1241 2513 1419 2549 curam
1444 2537 1459 2561 ,
1505 2499 1558 2550 δι

130 2566 225 2630 iam
255 2587 395 2623 nunc
428 2569 549 2635 jube
585 2569 753 2622 basim
784 2567 903 2621 fieri
924 2609 938 2634 ‚
983 2586 1054 2622 ex
1083 2587 1192 2638 quo
1222 2572 1378 2623 voles
1417 2588 1557 2622 mar-

132 2657 305 2708 more,
347 2661 465 2712 quae
502 2660 704 2696 nomen
750 2660 930 2715 meum
967 2644 1307 2711 honoresque
1344 2644 1515 2711 capiat
1543 2683 1559 2708 ‚

133 2713 176 2764 si
205 2716 301 2767 hos
341 2734 557 2786 quoque
603 2717 811 2785 putabis
847 2717 1134 2770 addendos.
1192 2718 1306 2786 Ego
1342 2718 1559 2787 signum

132 2785 292 2852 ipsum
313 2828 327 2854 ‚
364 2806 423 2842 ut
459 2791 697 2859 primum
730 2790 991 2851 invenero
1040 2791 1271 2859 aliquem
1309 2790 1402 2859 qui
1444 2807 1560 2842 non

134 2876 365 2926 gravetur
386 2904 402 2928 ,
423 2864 649 2921 «mittam
688 2863 820 2923 tibi;
852 2866 943 2916 vel
959 2864 1085 2933 ³ipse
1107 2865 1301 2933 „quod
1333 2862 1515 2922 mavist
1541 2894 1559 2926 ‚-

133 2934 347 2996 adferam
382 2955 612 2992 mecum.
647 2936 872 2990 Destino
902 2939 1048 2999 enim
1068 2939 1094 3006 <
1115 2938 1164 2991 si
1182 2950 1362 2994 tamen
1393 2936 1560 2994 officii
