1951 3720
353 382 438 460 50
688 360 948 428 CAII
1014 357 1445 425 PLINII

341 478 749 547 proconsulibus
770 477 999 543 judicare
1020 479 1041 530 ἒ
1081 478 1487 544 damnatumque
1512 470 1749 526 sordium
1770 509 1789 537 ‚

343 554 434 604 vel
473 555 717 604 damnare
748 553 884 603 alios
915 553 1006 602 vel
1045 551 1360 602 absolvere?
1399 551 1502 601 Sed
1536 549 1643 599 hoc
1676 550 1791 614 plu-

344 625 488 676 ribus
536 626 712 677 visum
757 624 867 677 est:
909 639 1250 676 numerantur
1288 623 1431 674 enim
1471 623 1747 673 sententiae
1770 656 1789 683 ‚

344 715 459 750 non
499 702 885 766 ponderantur,
926 714 1023 749 nec
1050 698 1190 748 aliud
1220 698 1276 747 in
1308 697 1523 764 publico
1554 693 1791 747 consilio

343 771 516 840 potest
537 772 652 824 fieri
668 811 682 833 ,
705 772 761 822 in
787 787 896 839 quo
923 772 1057 822 nihil
1076 769 1149 821 est
1180 784 1286 820 tam
1308 770 1599 836 inaequale,
1630 767 1794 835 quam

346 845 618 913 aequalitas
645 846 787 913 ipsa:
823 861 946 895 nam
979 861 1142 911 quum
1176 843 1246 894 sit
1277 843 1448 910 impar
1470 841 1751 910 prudentia
1777 878 1794 904 ,

346 935 441 985 par
475 918 717 970 omnium
753 916 834 982 jus
859 916 949 969 est.
984 916 1214 984 Implevi
1252 914 1565 985 promissum
1590 955 1606 979 ‚
1644 915 1796 981 prio-

343 991 520 1060 risque
557 991 789 1059 epistolae
832 989 991 1041 fidem
1036 989 1285 1052 exsolvi,
1323 1005 1479 1058 quam
1516 1006 1587 1041 ex
1617 988 1793 1055 spatio

347 1065 607 1132 temporis
647 1064 751 1129 jam
790 1063 1039 1131 recepiss‘e
1060 1080 1111 1114 te
1136 1065 1371 1132 colligo:
1406 1079 1527 1114 nam
1564 1064 1619 1114 &
1648 1060 1794 1113 festi-

345 1139 495 1189 nanti
529 1140 582 1189 &
616 1137 858 1207 diligenti
894 1137 1168 1188 tabellario
1206 1139 1362 1199 dedi,
1393 1136 1499 1187 nisi
1534 1135 1661 1204 quid
1697 1135 1794 1185 im·

347 1212 641 1279 pedimenti
672 1213 727 1262 in
765 1212 857 1262 via
890 1209 1062 1277 paffus
1097 1208 1187 1262 est.
1234 1211 1364 1262 Tuae
1402 1225 1541 1261 nunc
1577 1223 1795 1276 parteS,

348 1300 409 1336 ut
440 1285 671 1352 primum
696 1286 841 1336 illam
863 1319 878 1338 ‚
905 1283 1093 1334 deinde
1112 1284 1245 1335 hanc
1264 1282 1616 1335 remunereris
1645 1283 1795 1334 litte-

349 1357 422 1410 ris
444 1397 458 1421 ,
495 1361 673 1427 quales
699 1357 846 1408 istinc
866 1358 1035 1408 redire
1061 1356 1337 1408 uberrimae
1364 1355 1594 1424 poss‘unt.
1632 1355 1799 1409 Vale.

485 1470 667 1524 XIII.
710 1470 1043 1524 Ptrnrus
1082 1471 1374 1522 PR1sco
1418 1482 1561 1522 suo
1603 1469 1659 1522 S.

377 1585 434 1639 V
427 1585 915 1636 oconiumRomanum
937 1584 1226 1635 commendat
1247 1615 1261 1640 ,
1288 1582 1342 1632 de
1359 1600 1448 1649 quo
1472 1581 1559 1631 lib.
1591 1596 1653 1631 10
1676 1613 1692 1640 ‚
1717 1595 1771 1647 3.

355 1690 434 1783 E
453 1742 490 1779 Τ
525 1741 583 1778 tu
607 1726 915 1780 occasiones
941 1727 1209 1796 obligandi
1240 1743 1325 1779 me
1346 1720 1655 1777 avidissime
1681 1739 1800 1774 am-

354 1801 601 1872 plesteris
622 1840 637 1864 ‚
674 1802 725 1852 ὅ(
747 1818 850 1871 ego
872 1801 1074 1852 nemini
1094 1799 1344 1852 libentius
1364 1801 1549 1851 debeo,
1576 1798 1801 1849 Duabus

353 1893 482 1945 ergo
514 1877 576 1927 de
605 1875 774 1927 causis
800 1893 828 1926 a
849 1890 900 1927 te
920 1875 1264 1942 potissimum
1295 1890 1476 1942 petere
1510 1870 1797 1937 constitui,

359 1950 505 2019 quod
539 1948 877 2016 impetratum
911 1946 1147 2000 maxime
1177 1948 1356 2015 cupio.
1397 1947 1559 2015 Regis
1590 1945 1802 1997 exerci-

359 2037 476 2075 tum
506 2022 928 2089 amplissimum:
950 2021 1076 2072 hinc
1108 2021 1205 2073 tibi
1238 2020 1621 2073 beneficiorum
1655 2021 1806 2088 larga

360 2095 580 2148 materia
604 2113 621 2153 ·‚
644 2097 864 2164 longum
895 2110 1149 2162 praeterea
1184 2108 1423 2162 tempus,
1453 2110 1561 2162 quo
1594 2092 1818 2144 amicost

360 2183 484 2237 tuos
511 2184 770 2220 exornare
795 2168 1030 2235 potuisti.
1079 2171 1407 2219 Convertere
1444 2168 1508 2218 ad
1547 2164 1758 2217 nostros
1785 2202 1807 2230 ‚

361 2259 461 2295 nec
493 2243 594 2293 hos
621 2243 837 2293 multos,
879 2242 1071 2293 Malles
1104 2256 1162 2292 tu
1193 2242 1407 2308 quidem
1438 2241 1677 2298 multos·‚
1713 2239 1807 2291 sed

363 2334 495 2368 meae
547 2314 877 2366 verecundiae
933 2314 1121 2366 sufficit
1164 2331 1301 2366 unus
1322 2354 1336 2375 ,
1382 2329 1470 2365 aut
1525 2316 1657 2364 alter
1681 2352 1696 2375 ‚
1743 2328 1809 2364 ac

365 2387 548 2458 potius
580 2404 734 2440 unus,
783 2389 832 2439 Is
868 2389 969 2439 erit
1002 2388 1281 2439 Voconius
1306 2388 1598 2439 Romanus.
1648 2385 1808 2437 Pater

362 2463 417 2521 ei
437 2463 491 2512 in
514 2460 737 2529 equestri
756 2464 914 2530 gradu
934 2465 1102 2514 clarus
1119 2501 1133 2524 ‚
1153 2461 1343 2512 clarior
1357 2461 1578 2512 vitricus
1594 2498 1609 2522 ,
1630 2458 1807 2511 immo

365 2551 514 2604 pater
560 2535 692 2585 alius
724 2554 736 2586 ε
779 2552 902 2587 nam
938 2535 1063 2587 huic
1099 2551 1313 2602 quoque
1337 2534 1565 2585 nomini
1604 2532 1809 2599 pietate

364 2610 634 2662 successit.
683 2609 858 2660 Mater
895 2626 925 2660 e
967 2609 1154 2675 primis
1193 2607 1457 2659 citerioris
1512 2606 1805 2672 Hispaniae.

364 2682 479 2734 Scis
510 2683 654 2749 quod
683 2680 935 2744 iudicium
956 2682 1251 2749 provinciae
1284 2680 1426 2731 illius
1450 2720 1463 2743 ,
1504 2693 1699 2749 quanta
1733 2679 1810 2731 sit

368 2755 619 2825 gravitas,
640 2756 856 2806 Flamen
873 2754 1122 2822 proxime
1143 2754 1261 2805 fuit.
1287 2754 1442 2805 Hunc
1466 2770 1568 2822 ego
1591 2792 1606 2815 ‚
1638 2767 1810 2819 quum

368 2829 528 2881 simul
563 2827 881 2880 studeremus
903 2867 918 2890 ‚
951 2826 1090 2880 arete
1129 2826 1561 2895 familiariterque
1597 2825 1765 2877 dilexi
1792 2844 1808 2878 ε

371 2903 465 2954 ille
496 2918 644 2952 meus
675 2900 732 2952 in
766 2904 891 2953 urbe
912 2940 926 2964 ‚
963 2902 1051 2953 ille
1076 2901 1133 2952 in
1163 2898 1355 2956 secess‘u
1376 2898 1771 2952 contubernalis
1793 2916 1811 2951 z

375 2992 496 3027 cum
519 2974 622 3027 hoc
640 2974 773 3027 seria
792 3014 807 3040 ‚
835 2992 956 3027 cum
974 2976 1080 3028 hoc
1095 2974 1248 3042 jocos
1267 2973 1472 3028 miscui.
1498 2972 1646 3041 Quid
1661 2972 1812 3025 enim
