1951 3720
343 348 933 416 EptsrozAE.
959 344 1105 416 Lib.
1130 345 1264 418 lX.
1376 347 1506 418 261

252 682 395 766 LI
430 681 492 765 Β
527 681 594 764 Ε
628 679 709 765 Β.
797 679 882 764 N
921 680 1005 767 O
1039 680 1124 765 N
1156 681 1243 767 U
1276 680 1358 767 S.

196 846 240 900 1.
283 845 348 900 C.
402 844 736 897 Ptttuus
775 844 1125 897 MAxuao
1168 859 1315 899 suo
1355 846 1412 902 S.

105 967 330 1020 Hortatur
368 983 421 1016 ut
454 966 603 1017 libros
627 998 642 1025 ‚
676 983 789 1033 quos
816 964 865 1014 in
890 964 1119 1020 Planum
1153 967 1308 1018 virum
1341 974 1539 1038 composs

157 1040 251 1110 fiai:
269 1075 285 1100 ,
314 1039 515 1108 festinet
549 1041 716 1097 edere,
748 1057 808 1089 ne
835 1036 944 1108 post
972 1055 1167 1090 mortem
1186 1041 1281 1109 ejus
1304 1043 1539 1112 iticlzoaffe

163 1116 398 1166 videatur.
531 1174 560 1197 Ο

114 1201 320 1294 SAEPE
360 1252 416 1290 te
459 1234 648 1290 monui
681 1251 743 1290 ut
776 1235 941 1291 libros
963 1276 980 1301 ,
1005 1254 1142 1306 quos
1180 1240 1272 1291 vel
1302 1254 1404 1307 pro
1445 1254 1498 1293 te
1518 1277 1539 1305 ,

113 1314 185 1364 vel
213 1312 271 1363 in
293 1311 536 1364 Plantam
557 1350 573 1375 ‚
603 1312 777 1364 immo
799 1312 852 1363 δε
872 1328 972 1379 pro
993 1326 1045 1363 te
1085 1312 1136 1363 &
1160 1312 1217 1362 in
1240 1312 1393 1365 illum
1419 1312 1441 1378 (
1463 1313 1540 1367 ita

114 1384 236 1436 enim
274 1385 497 1438 materia
526 1387 787 1455 cogebat)
819 1384 1163 1453 composuisti
1183 1424 1199 1450 ‚
1238 1385 1397 1455 quum
1422 1402 1541 1438 ma-

115 1458 366 1512 turissime
392 1458 691 1512 emitteres:
714 1460 858 1527 quod
875 1474 1015 1510 nunc
1037 1457 1301 1527 praecipu‘e
1319 1499 1336 1523 ‚
1362 1476 1538 1513 morte

116 1528 211 1594 eius
233 1532 410 1584 audita
429 1572 446 1595 ‚
468 1533 521 1584 δε
542 1534 731 1584 hortor
746 1571 761 1596 ,
785 1531 836 1583 &
856 1548 1074 1585 moneo,
1109 1533 1373 1599 Quamvis
1392 1533 1539 1585 enim

117 1605 285 1674 legeris
309 1607 494 1657 multis
517 1645 532 1666 ‚
559 1605 913 1675 legendosque
932 1606 1136 1658 dederis
1159 1645 1174 1668 ‚
1211 1609 1344 1657 nolo
1361 1622 1543 1658 tamen

120 1692 417 1748 quemquam
439 1680 682 1747 opinari,
714 1678 961 1731 defundit>
981 1680 1193 1730 demum
1218 1678 1500 1731 inchoatos
1524 1718 1544 1744 ,

119 1765 237 1818 quos
267 1752 530 1806 incolumi
567 1770 635 1805 eo
672 1751 937 1822 peregisti.
985 1753 1142 1804 Salva
1177 1752 1247 1804 sit
1279 1751 1376 1803 tibi
1407 1769 1540 1804 con-

120 1823 295 1880 stantia:
336 1827 493 1881 fama.
539 1825 651 1879 Erit
688 1840 863 1879 autem
884 1866 899 1889 ‚
934 1825 982 1878 si
1013 1841 1202 1878 notum
1234 1824 1398 1895 aequis
1437 1824 1543 1878 ini-

122 1900 321 1969 quisque
358 1901 556 1965 fuerit‚
599 1918 713 1953 non
743 1900 860 1967 post
900 1900 1111 1954 inimici
1142 1915 1372 1952 mortem
1413 1899 1539 1952 scri·

122 1971 258 2026 bendi
287 1975 387 2027 tibi
411 1990 585 2027 natam
611 1974 713 2027 effe
743 1973 1030 2033 fiduciam3
1063 1974 1151 2026 sed
1182 1972 1283 2038 jam
1310 1988 1544 2040 paratam

125 2046 397 2101 editionem
420 2064 596 2104 morte
608 2063 956 2117 praeventam.
983 2047 1153 2099 Simul
1171 2047 1366 2100 vitabis
1380 2047 1544 2115 illud,

299 2142 427 2222 οὔχ
468 2147 583 2210 Zela
624 2138 974 2219 φθιμῖιοισιν.

128 2247 246 2299 Nam
268 2252 412 2318 quod
429 2252 494 2302 de
514 2249 741 2302 vivente
771 2248 1022 2316 scriptum
1045 2286 1061 2311 ‚
1084 2249 1147 2300 de
1168 2247 1392 2302 vivente
1408 2248 1547 2303 reci-

130 2333 276 2373 tatum
294 2322 367 2375 est
382 2363 397 2386 ‚
417 2323 476 2375 in
494 2322 795 2375 defunctum
815 2338 1029 2390 quoque
1044 2360 1059 2384 ,
1073 2336 1341 2391 tamquam
1357 2323 1551 2377 viven-

130 2405 222 2445 tem
243 2397 406 2448 adhuc
420 2436 436 2461 ‚
457 2396 631 2450 editur
645 2434 660 2458 ,
681 2394 726 2447 si
745 2394 921 2447 editur
937 2393 1126 2449 statim.
1161 2396 1330 2465 Igitur
1350 2396 1397 2449 si
1422 2399 1552 2466 quid

132 2467 256 2520 aliud
293 2469 350 2521 in
390 2471 630 2524 manibus
646 2508 661 2531 ‚
687 2468 901 2522 interim
936 2467 1089 2521 differ
1115 2488 1130 2521 t
1169 2471 1273 2521 hoc
1308 2469 1505 2538 perfice
1528 2509 1547 2535 ,

133 2543 259 2607 quod
291 2544 445 2596 nobis
469 2583 484 2607 ,
521 2543 613 2613 qui
641 2543 865 2612 legimus
886 2542 1050 2605 olim,
1073 2542 1367 2595 absolutum
1392 2544 1547 2596 vide-

133 2625 235 2666 tur:
256 2615 341 2669 sed
363 2615 470 2682 jam
488 2617 730 2669 videatur
754 2618 806 2668 &
831 2615 955 2679 tibi,
977 2614 1125 2681 cujus
1153 2616 1546 2671 enudationem

134 2701 217 2812 :hec
248 2706 356 2819 §531
355 2690 467 2759 ipsa
487 2690 743 2747 desiderat
766 2728 783 2756 ,
815 2690 869 2746 δι
903 2688 1163 2761 temporis
1197 2690 1334 2745 ratio
1366 2691 1553 2761 praeci·

183 2774 217 2815 t.
358 2780 406 2820 e.
