1951 3720
404 369 545 442 290
719 346 987 415 Cart
1062 345 1480 415 ΡιιΝιι

399 472 647 534 viribus,
681 470 918 539 priorem
963 467 1237 521 lasciviam
1276 468 1328 519 ὅτ
1365 467 1520 520 solita
1553 464 1795 520 ministeria

401 543 667 614 repetisse.
720 542 1076 596 Confluebant
1136 543 1201 594 ad
1249 541 1597 610 spectaculum
1642 559 1794 594 omnes

402 618 772 688 magistratus,
813 633 1044 685 quorum
1081 617 1314 667 adventu
1353 616 1407 667 δι
1445 615 1595 667 mora
1627 615 1798 667 modica

403 693 699 760 respublica
731 690 896 743 novis
933 689 1230 757 sumptibus
1263 690 1595 741 atterebatur.
1633 687 1800 740 Postre-

405 764 502 818 ιιιὸ
549 767 701 817 locus
737 764 851 832 ipse
878 763 1117 832 quietem
1150 763 1296 814 suam
1327 764 1678 830 secretumque
1708 779 1803 828 per-

405 840 579 892 debat.
620 837 822 889 Placuit
850 835 1062 893 occulte
1083 834 1318 905 interfiei
1340 875 1355 900 ,
1395 838 1458 887 ad
1494 838 1635 903 quod
1668 834 1805 886 coiba-

403 928 516 965 tur.
549 912 681 963 Haec
708 926 767 962 tu
804 910 910 979 qua
941 909 1325 971 miseratione,
1362 913 1464 977 qua
1507 909 1657 977 copia
1679 907 1808 959 defle·

409 987 523 1049 bis,
548 985 797 1047 ornabis,
835 986 1090 1037 attolles?
1125 984 1464 1051 Quamquam
1490 981 1685 1034 nonest
1704 997 1809 1049 opus
1878 1004 1879 1021 ι

408 1059 623 1127 affingas
638 1057 868 1127 aliquid,
890 1073 980 1109 aut
998 1056 1263 1109 adstruas:
1285 1056 1507 1121 sufficit,
1531 1073 1597 1110 ne
1614 1072 1699 1120 ea,
1720 1072 1809 1125 quae

412 1132 533 1184 sunt
562 1148 718 1196 vera
751 1132 1078 1184 minuantur.
1112 1132 1271 1184 Vale.

458 1253 773 1306 XXXIV.
813 1252 1076 1304 Pmmus
1115 1252 1547 1313 TRANQunto
1590 1265 1703 1304 suo
1736 1253 1781 1307 S.

542 1376 809 1448 Quaeriean
831 1370 988 1441 versus
1011 1369 1125 1440 suos
1151 1391 1247 1422 non
1268 1370 1366 1441 ipse
1387 1407 1402 1433 ‚
1420 1370 1515 1441 sed
1540 1373 1724 1424 libertus

946 1470 1102 1539 legere
1142 1467 1332 1520 debeat.

416 1559 806 1652 EXPLICA
861 1592 1041 1647 aestum
1090 1609 1290 1646 meum.
1355 1592 1537 1645 Audio
1591 1611 1674 1646 me
1718 1590 1821 1645 male

415 1674 594 1741 legere
638 1672 890 1722 duntaxat
925 1666 1109 1719 versus
1142 1685 1156 1718 ε
1197 1665 1472 1719 orationes
1529 1668 1671 1720 enim
1709 1684 1824 1719 com-

419 1744 631 1798 modius
658 1783 674 1808 ‚
714 1743 803 1794 sed
837 1739 990 1793 tant&
1027 1740 1205 1791 minus
1237 1740 1442 1792 versus.
1497 1742 1694 1811 Cogito
1727 1757 1824 1808 ergo

421 1818 737 1872 recitaturus
773 1814 1118 1869 familiaribus
1155 1814 1343 1866 amicis
1382 1853 1397 1879 ‚
1441 1815 1676 1884 experiri
1703 1814 1825 1866 liber·
1876 1877 1877 1884 ἵ

421 1908 537 1945 tum
579 1908 779 1945 meum.
827 1890 949 1941 Hoc
987 1904 1202 1957 quoque
1232 1887 1494 1940 familiare
1515 1929 1530 1952 ,
1557 1891 1697 1958 quod
1722 1887 1827 1957 elegi
1876 1887 1877 1912 *

423 1982 539 2018 non
574 1967 746 2027 bene,
783 1963 871 2014 sed
905 1962 1097 2014 melius
1130 1960 1431 2020 leaumm3
1471 1965 1521 2014 si
1559 1978 1725 2015 tamen
1745 1977 1827 2012 non
1876 1997 1877 2018 1

424 2039 585 2092 fuerit
626 2038 974 2120 perturbatus.
1021 2034 1105 2086 Est
1133 2033 1279 2086 enim
1311 2050 1421 2086 tam
1444 2052 1626 2088 novus
1659 2034 1829 2096 Ιεᾶοῐ,

426 2112 587 2182 quam
618 2128 722 2181 ego
760 2109 1103 2178 poeta.1pse
1143 2108 1325 2160 nescio
1363 2108 1491 2178 quid
1527 2109 1628 2162 illo
1662 2112 1830 2178 legente
1876 2103 1877 2156 J

427 2186 649 2238 interim
679 2185 905 2243 faciam·,
936 2183 1144 2233 sedeam
1181 2181 1428 2245 defixus,
1466 2184 1521 2234 ὃ(
1562 2199 1760 2242 mutus,
1792 2182 1877 2231 &

429 2258 624 2311 similis
661 2256 881 2319 otiose,
918 2272 986 2306 an
1015 2270 1074 2306 ut
1114 2253 1368 2323 quidam,
1405 2273 1524 2325 quae
1563 2255 1834 2325 pronuntia·
1876 2305 1877 2336 1

427 2333 549 2396 bit,
588 2347 856 2383 murmure
880 2368 895 2393 ,
946 2328 1117 2381 oculis
1138 2368 1154 2392 ‚
1205 2345 1364 2381 manu
1410 2331 1714 2399 prosequar.
1759 2328 1833 2380 Sed

431 2420 566 2474 puto
599 2421 686 2456 me
719 2420 831 2455 non
870 2402 1049 2455 minus
1087 2401 1226 2455 male
1262 2403 1445 2455 saltare
1486 2422 1647 2473 quam
1678 2407 1834 2473 legere.

430 2482 631 2533 Iterum
667 2477 875 2541 dicam,
920 2476 1129 2545 explica
1165 2475 1342 2528 aestum
1380 2494 1561 2529 meum
1586 2518 1601 2543 ,
1643 2476 1836 2544 vere'que
1876 2473 1877 2546 1

431 2553 689 2616 rescribe,
723 2568 851 2602 num
876 2550 947 2602 sit
982 2550 1174 2602 melius
1211 2550 1443 2617 pessime
1480 2554 1694 2622 legere,
1702 2564 1835 2620 quam

433 2627 528 2681 ista
564 2629 652 2679 vel
687 2642 800 2678 non
820 2624 991 2678 facere
1014 2664 1030 2689 ‚
1065 2627 1156 2676 vel
1193 2625 1381 2679 facere.
1422 2626 1584 2681 Vale.
