1951 3720
379 327 972 396 EPISTOLAE.
1007 326 1153 396 Lib.
1190 327 1299 397 ΙΙΙ.
1452 326 1552 421 65·

136 458 235 497 mm
256 448 267 498 !
292 458 547 513 quantum
572 443 645 496 ibi
677 445 1009 514 antiquitatis
1035 451 1047 500 Ξ
1084 463 1200 514 quae
1222 445 1354 497 fasta
1376 486 1389 510 ,
1416 461 1553 515 quos

135 519 267 570 viros
299 518 476 570 audias
502 555 516 579 ‚
558 519 746 586 quibus
769 520 1048 588 praeceptis
1079 520 1341 571 imbuare!
1369 537 1555 588 quam-

136 592 207 642 vis
237 590 327 643 ille
368 592 474 643 hoc
503 605 985 659 temperamentum
1022 591 1290 644 modestiae
1329 591 1431 644 suae
1469 594 1555 644 in-

135 665 310 715 dixerit
334 703 348 726 ,
381 681 450 716 ne
474 665 762 732 praecipere
791 665 1053 718 videatur.
1098 665 1326 717 Peractis
1353 666 1559 733 septem

135 737 348 789 millibus
378 736 618 804 paffuum
639 776 654 800 ,
675 738 869 790 iterum
889 740 1120 790 ambulat
1147 738 1293 790 mille
1315 778 1330 801 ‚
1365 738 1559 790 iterum

132 810 338 874 residet,
379 811 474 862 vel
504 812 559 863 se
598 810 843 863 cubiculo
876 828 935 863 ac
974 810 1094 864 stilo
1135 813 1322 864 reddit.
1365 811 1561 863 Scribit

133 882 261 933 enim
281 922 297 946 ‚
337 884 389 934 δι
432 882 647 951 quidem
670 883 891 953 utraque
915 884 1095 954 lingua
1116 923 1131 946 ‚
1159 884 1330 954 lyrica
1360 884 1561 937 doffis·

135 954 270 1008 sim‘e.
322 956 470 1008 Mira
503 955 611 1009 illis
643 958 863 1009 dulcedo
885 996 900 1020 ‚
944 958 1076 1009 mira
1114 958 1341 1010 suavitas
1360 956 1383 1019 ¹,
1425 956 1561 1009 mira

134 1028 354 1081 hilaritas
385 1047 399 1081 ε
441 1028 590 1093 cujus
629 1030 848 1098 gratiam
887 1034 1118 1082 cumulat
1153 1031 1394 1083 sanffitas
1433 1030 1562 1082 scri·

137 1102 307 1155 beatis.
353 1102 466 1154 Ubi
496 1104 630 1153 hora
664 1102 860 1155 balinei
883 1104 1125 1155 nuntiata
1157 1103 1229 1156 est
1249 1103 1362 1171 (est
1384 1119 1561 1156 autern

136 1174 292 1227 hieme
330 1191 479 1227 nona
500 1215 515 1238 ,
561 1174 731 1226 aestate
778 1175 1012 1241 oetava)
1055 1176 1114 1228 in
1154 1177 1265 1229 sole
1286 1216 1301 1239 ‚
1339 1176 1386 1227 si
1422 1190 1570 1229 caret

137 1262 287 1299 vento
321 1287 337 1309 ‚
386 1250 620 1300 ambulat
660 1251 848 1301 nudus.
904 1249 1115 1301 Deinde
1162 1264 1414 1302 movetur
1454 1248 1566 1316 pila

138 1321 468 1374 vehementer
500 1322 555 1373 δι
589 1320 718 1373 diu:
757 1338 880 1373 nam
913 1322 1021 1373 hoc
1056 1338 1266 1390 quoque
1303 1321 1566 1374 exercita-

139 1393 290 1445 tionis
322 1410 520 1463 genere
551 1408 749 1463 pugnat
771 1411 893 1446 cum
916 1395 1201 1448 senefikute.
1233 1396 1400 1447 Lotus
1421 1410 1567 1445 accu-

139 1467 216 1518 bat
234 1505 247 1529 ,
285 1467 337 1518 &
373 1466 642 1535 paulisper
679 1467 856 1519 cibum
903 1466 1082 1520 differt
1111 1487 1122 1520 :
1157 1467 1373 1520 interim
1422 1467 1571 1520 audit

140 1541 388 1608 legentem
431 1539 706 1592 remissius
738 1540 940 1608 aliquid
977 1541 1029 1592 δι
1065 1541 1287 1594 dulcius.
1331 1540 1430 1592 Per
1462 1541 1570 1593 hoc

144 1628 286 1664 omne
320 1627 536 1682 tempus
571 1612 795 1666 liberum
834 1612 906 1664 est
939 1613 1124 1666 amicis
1157 1616 1250 1666 vel
1271 1615 1452 1666 eadem
1489 1614 1571 1665 fa·

144 1701 247 1737 cere
270 1725 285 1748 ,
319 1689 412 1737 vel
452 1685 555 1737 alia
578 1724 591 1748 ,
625 1686 672 1738 si
709 1686 914 1739 malint.
948 1686 1254 1754 Apponitur
1287 1702 1433 1738 coena
1457 1702 1574 1737 non

147 1759 302 1810 minus
352 1758 523 1810 nitida
571 1758 730 1827 quam
770 1759 943 1828 frugi,
979 1760 1036 1810 in
1073 1774 1291 1829 argento
1337 1775 1476 1826 puro
1517 1759 1576 1810 δι

148 1831 367 1901 antiquo.
392 1833 531 1885 Sunt
550 1831 609 1883 in
632 1834 728 1884 usu
748 1834 798 1884 ὅ(
822 1832 1101 1885 Corinthia
1122 1872 1137 1895 ‚
1170 1833 1358 1901 quibus
1391 1833 1570 1884 delec—

147 1920 268 1957 tatur
289 1946 303 1968 ‚
337 1923 439 1958 nec
476 1905 715 1958 afficitur.
756 1908 1078 1974 Frequenter
1119 1906 1381 1958 comoedis
1424 1922 1575 1958 coena

150 1977 465 2048 distinguitur
484 2018 499 2041 ‚
542 1994 602 2030 ut
635 1981 942 2046 voluptates
981 1995 1196 2047 quoque
1229 1978 1408 2030 studiis
1438 1994 1574 2030 con-

151 2051 355 2106 diantur.
397 2051 574 2104 Sumit
604 2051 805 2119 aliquid
827 2053 889 2104 de
919 2051 1113 2113 noste,
1154 2052 1207 2102 δε
1230 2051 1420 2103 aestate.
1461 2052 1573 2103 Ne-

152 2124 268 2176 mini
294 2126 400 2178 hoc
420 2127 643 2194 longum
661 2124 777 2177 est.
807 2124 950 2176 tanta
977 2124 1228 2176 comitate
1256 2124 1577 2176 convivium

152 2197 372 2251 trahitur.
406 2198 535 2249 Inde
575 2198 655 2251 illi
688 2197 804 2265 post
847 2197 1129 2265 septimum
1167 2199 1220 2248 ὅ(
1250 2196 1576 2265 septuagesi-

154 2286 284 2322 mum
302 2288 501 2323 annum
524 2271 728 2323 aurium
753 2274 1138 2338 oculorumque
1156 2271 1317 2339 vigor
1339 2269 1574 2339 integer
1559 2305 1581 2329 ,

155 2342 261 2395 inde
280 2345 415 2414 agile
448 2345 500 2395 &
533 2344 782 2396 vividum
806 2360 1031 2411 corpus,
1057 2344 1273 2411 solaque
1307 2360 1377 2394 ex
1394 2344 1577 2395 senec-

156 2428 254 2469 tute
286 2417 582 2485 prudentia.
634 2418 782 2469 Hanc
818 2435 922 2485 ego
973 2417 1144 2467 vitam
1168 2430 1306 2468 voto
1336 2417 1388 2467 &
1424 2416 1578 2485 cogi-

157 2489 341 2543 tatione
362 2490 627 2558 praesumo
643 2529 658 2553 ,
684 2489 1002 2559 ingressurus
1033 2487 1340 2540 avidissime
1362 2529 1376 2551 ,
1396 2505 1456 2540 ut
1475 2489 1580 2555 pri·

159 2562 288 2614 mum
333 2563 471 2615 ratio
525 2563 693 2615 aetatis
741 2562 979 2631 receptui
1027 2578 1214 2613 canere
1260 2562 1580 2629 permiserit.

158 2636 360 2687 Interim
398 2636 544 2688 mille
579 2635 842 2688 laboribus
868 2650 1118 2688 conteror
1140 2673 1155 2694 ,
1187 2651 1414 2701 quorum
1445 2634 1581 2686 mihi

163 2707 209 2758 &
241 2709 481 2762 solatium
525 2710 580 2760 δε
627 2711 933 2777 exemplum
986 2707 1059 2760 est
1108 2708 1248 2764 idem
1296 2708 1578 2774 Spurinna.

162 2781 285 2832 Nam
324 2781 411 2834 ille
453 2798 669 2850 quoque
696 2820 710 2844 ‚
748 2784 920 2850 quoad
959 2779 1238 2833 honestum
1273 2779 1372 2831 fuit
1396 2818 1410 2841 ‚
1444 2778 1583 2830 obiit

165 2854 320 2907 officia
334 2893 349 2917 ,
371 2855 534 2924 gessit
553 2854 879 2924 magistratus
896 2894 911 2918 ‚
926 2852 1233 2922 provincias
1248 2852 1388 2903 rexit
1406 2891 1420 2912 ‚
1443 2854 1582 2902 mul-

165 2939 314 3000 toque
340 2930 521 2982 labore
550 2929 657 2985 hoc
689 2928 862 2982 otium
897 2926 1110 2981 meruit.
1144 2925 1309 3000 Igitur
1340 2925 1584 2979 eumdem
