1951 3720
374 309 1012 385 EPISTOLAE.
1068 316 1213 386 Lib.
1249 320 1330 389 11.
1490 335 1583 416 45

150 427 443 479 verendum
467 426 542 479 est
581 445 649 480 ne
688 429 891 482 inertiae
927 433 980 484 δε
1011 432 1227 485 desidiae
1249 472 1265 498 ‚
1304 436 1394 488 vel
1434 437 1596 490 etiam

154 499 458 553 timiditatis
483 516 690 555 nomen
712 504 952 572 accipiat.
992 506 1149 560 Vale.

279 621 390 677 XI.
431 615 770 677 Pinnos
808 624 1181 679 Ananim
1223 641 1373 681 suo
1413 630 1470 683 S.

154 742 338 797 Narrat
360 744 481 810 quid
500 744 648 794 astum
670 745 733 794 sit
752 763 781 795 a
806 745 986 796 Senatu
1007 746 1054 796 in
1076 744 1217 816 causa
1231 748 1388 799 Marii
1409 748 1568 819 Pnsci
1583 784 1601 811 ,

224 813 556 939 aefffgsantibus
568 821 613 868 A
609 816 732 884 ῥὶς,
753 819 913 887 quibus
929 820 1018 870 ille
1030 819 1315 889 proconsule
1324 822 1607 892 praefiterat.

277 909 294 938 1
331 907 354 938 e
389 908 416 956 3
442 923 458 950 ,
486 908 537 953 9.

161 969 439 1064 Soter
472 1012 577 1066 effe
607 1013 801 1085 gaudio
831 1014 966 1080 tibi,
1000 1017 1209 1087 siquid
1241 1017 1414 1072 astum
1439 1019 1513 1072 est
1543 1021 1602 1074 in

156 1085 336 1139 senatu
355 1087 581 1157 dignum
601 1088 789 1141 ordine
807 1088 925 1143 ino.
948 1091 1212 1157 Quamvis
1235 1093 1382 1145 enim
1402 1094 1604 1163 quietis

158 1175 336 1213 amore
355 1159 628 1214 secess‘eris
644 1201 659 1226 ‚
680 1162 877 1215 insidet
897 1179 1075 1217 tamen
1096 1165 1280 1218 animo
1300 1180 1395 1218 tuo
1419 1167 1606 1233 majes-

159 1233 278 1286 tatis
297 1234 532 1302 publicae
554 1251 695 1289 cura.
715 1236 914 1304 Accipe
937 1254 1067 1307 ergo
1088 1241 1232 1308 quod
1251 1256 1344 1306 per
1364 1240 1465 1292 hos
1489 1241 1604 1293 dies

157 1306 329 1360 aetum
354 1307 430 1360 est
452 1347 467 1372 ‚
493 1309 732 1377 personae
751 1310 987 1363 claritate
1010 1306 1270 1364 famosum
1286 1353 1299 1376 ,
1322 1313 1606 1366 severitate

158 1380 399 1449 exempli
418 1381 622 1433 salubre
637 1421 653 1446 ,
687 1382 765 1435 rei
789 1384 1157 1453 magnitudine
1187 1400 1462 1438 aeternum.
1483 1387 1607 1439 Ma·

158 1453 267 1506 rius
292 1454 506 1506 Priscus
522 1495 538 1518 ‚
560 1456 918 1510 accusantibus
938 1458 1082 1510 Afris
1103 1497 1119 1522 ‚
1152 1458 1342 1527 quibus
1379 1475 1608 1528 procon-

158 1527 268 1580 sule
297 1528 519 1596 praefuit
539 1567 555 1591 ‚
593 1528 783 1581 omissa
807 1531 1119 1583 defensione
1137 1571 1153 1595 ,
1189 1531 1391 1597 judices
1421 1532 1609 1600 petiit.

157 1598 271 1670 Ego
315 1603 371 1654 &
405 1602 692 1654 Cornelius
722 1604 940 1656 Tacitus
982 1603 1148 1656 adeffe
1187 1604 1609 1672 provincialibus

159 1672 290 1740 jussi
324 1714 340 1738 ‚
384 1674 815 1729 existimavimus
861 1675 990 1729 fidei
1038 1676 1225 1728 nostrae
1280 1678 1572 1729 convenire
1593 1717 1610 1739 .

161 1763 355 1800 notum
375 1744 582 1800 senatui
616 1749 786 1802 facere
811 1789 825 1814 ‚
857 1749 1139 1802 excessiss'e
1163 1749 1397 1801 Priscum
1427 1750 1618 1801 imma-

161 1821 329 1875 nitate
348 1822 401 1875 &
423 1821 633 1875 saevitia
653 1821 875 1876 crimina
889 1863 905 1887 ,
934 1823 1125 1893 quibus
1149 1822 1258 1876 dari
1272 1821 1473 1888 judices
1485 1824 1613 1892 pos-

165 1896 277 1948 sent
293 1915 310 1956 ·,
327 1913 500 1965 quum
520 1897 590 1948 ob
610 1895 925 1950 innocentes
948 1898 1399 1960 condemnandoe,
1414 1897 1617 1950 interfi-

165 1969 388 2022 ciendos
433 1969 597 2022 etiam
622 2009 638 2035 ,
677 1970 927 2038 pecunias
971 1970 1265 2039 accepiss'et.
1319 1971 1616 2039 Respondit

166 2039 370 2096 fronto
411 2043 599 2095 Catius
626 2083 641 2106 ‚
674 2045 1081 2113 deprecatusque
1115 2042 1192 2096 est
1220 2060 1287 2095 ne
1318 2044 1446 2112 quid
1478 2047 1618 2096 ultra

169 2119 579 2184 repetundarum
608 2119 783 2189 legem
813 2133 1134 2186 quaereretur
1154 2156 1169 2181 ‚
1212 2117 1499 2186 omniaque
1530 2134 1618 2170 ac·

168 2189 339 2242 tionis
387 2191 496 2242 suae
537 2193 660 2242 vela
694 2193 785 2245 vir
830 2193 1217 2243 movendarum
1265 2193 1620 2260 lacrymarum

169 2263 537 2330 peritissimus
558 2303 574 2328 ‚
608 2268 835 2332 quodam
872 2267 1024 2316 velut
1057 2279 1225 2317 vento
1257 2264 1620 2318 miserationis

172 2335 447 2405 implevit.
521 2338 719 2408 Magna
753 2338 1036 2391 contentio
1057 2378 1073 2402 ,
1122 2338 1299 2407 magni
1347 2337 1622 2407 utrimque

173 2412 437 2464 clamores
477 2430 492 2463 ε
524 2413 643 2464 aliis
680 2410 1049 2482 cognitionem
1086 2411 1292 2463 senatus
1332 2413 1448 2481 lege
1488 2428 1621 2463 con-

173 2486 368 2538 clusam
409 2524 428 2548 ‚
477 2485 598 2538 aliis
637 2486 854 2537 liberam
891 2485 1222 2552 solutamque
1263 2484 1559 2536 dicentibus
1600 2503 1619 2545 ς

175 2573 542 2627 quantumque
579 2558 863 2611 admisiffet
892 2573 1013 2610 reus
1039 2596 1053 2621 ,
1092 2572 1296 2608 tantum
1337 2557 1618 2610 vindican-

174 2635 319 2685 dum.
340 2630 665 2684 Novissime
689 2633 870 2684 consul
893 2630 1197 2701 designatus
1219 2629 1393 2683 Julius
1412 2632 1588 2683 Ferox
1601 2670 1619 2695 ‚

175 2704 263 2756 vir
282 2706 458 2757 rectus
479 2706 535 2757 &
560 2703 764 2758 sanstus
785 2745 800 2768 ‚
822 2704 1003 2757 Mario
1023 2704 1236 2773 quidem
1267 2701 1465 2767 judices
1489 2704 1622 2755 inte·

176 2778 279 2830 rim
301 2779 510 2832 censuit
538 2780 738 2831 dandos
758 2797 774 2839 3
798 2780 1104 2831 evocandos
1134 2790 1311 2828 autem
1335 2776 1523 2845 quibus
1547 2776 1622 2828 di·

177 2866 385 2904 ceretur
405 2851 777 2905 innocentium
795 2868 984 2920 poenas
1000 2847 1310 2903 vendidiss'e.
1347 2850 1481 2915 Quae
1500 2851 1620 2902 sen-

180 2924 345 2979 tentia
362 2943 479 2980 non
497 2925 781 2995 praevaluit
802 2923 965 2979 modo
980 2963 997 2990 ,
1011 2924 1101 2979 sed
1117 2921 1346 2977 omnino
1368 2922 1484 2990 post
1500 2936 1624 2976 tan·
