1951 3720
990 126 1029 134 α

381 333 527 415 ’404
673 320 1543 395 ΡΑΝΕᾰΥιιῙὉυέ

380 460 443 498 ιιι
471 443 643 514 prope
672 447 730 498 in
761 446 1078 499 immensum
1108 444 1430 498 diffundatur
1464 442 1651 497 oratio>
1671 444 1811 506 mezu

379 520 440 570 &
470 521 688 572 necdum
721 521 786 571 de
814 519 1037 571 biennio
1067 521 1277 587 loquor.
1301 517 1478 586 Quam
1516 519 1687 570 multa
1715 516 1812 568 dixi

367 592 451 644 ¹tle
481 592 849 644 moderatione
891 594 944 645 &
975 591 1176 661 quanto
1206 594 1359 660 plura
1391 594 1562 644 adhuc
1595 590 1812 643 restant!

382 678 445 716 ut
485 665 617 717 illud
661 664 807 734 quod
841 666 1126 718 secundum
1167 665 1507 717 consulatum
1545 661 1777 729 recepisti
1796 700 1810 724 ,

382 736 510 805 quia
548 738 798 806 Princeps
835 739 888 790 &
922 752 1073 807 pater
1106 739 1388 791 deferebat.
1435 739 1507 789 At
1553 736 1813 804 postquam

382 811 450 862 ad
484 826 538 862 te
575 811 789 878 imperii
827 812 1087 864 summam
1113 851 1128 873 ,
1168 812 1221 863 &
1263 810 1713 880 quum‘omnium
1744 825 1811 860 re·

377 899 504 935 rum
538 922 553 947 ‚
593 898 708 935 tum
757 884 918 937 etiam
960 885 1043 936 tui
1085 883 1398 952 potestatem
1438 883 1517 935 dii
1561 881 1813 934 transtuie·

383 972 509 1009 runt
529 996 545 1020 ‚
569 957 789 1009 tertium
819 958 1149 1009 consulatum
1179 955 1420 1009 recusasti
1441 996 1456 1018 ‚
1480 972 1655 1024 quum
1681 970 1813 1024 agere

383 1043 491 1081 tam
528 1031 731 1081 bonum
770 1030 1042 1082 consulem
1083 1028 1276 1097 poffes.
1316 1030 1576 1098 Magnum
1622 1027 1697 1080 est
1730 1028 1814 1079 dif-

379 1102 519 1155 ferre
558 1104 859 1162 honorem·‚
899 1103 1124 1173 gloriam
1155 1102 1344 1166 majus.
1386 1101 1617 1154 Gestumf
1647 1102 1816 1154 consu·

382 1176 550 1227 latum
581 1175 743 1228 mirer
763 1215 779 1240 ‚
811 1193 878 1228 an
911 1193 1025 1228 non
1059 1176 1373 1243 receptum?
1394 1175 1589 1227 Gestus
1631 1191 1740 1227 non
1767 1174 1814 1226 in

363 1248 491 1300 'hoc
521 1249 663 1301 urbis
705 1251 825 1301 otio
862 1249 914 1300 &
944 1248 1140 1300 intimo
1176 1249 1299 1300 sinu
1328 1249 1472 1316 pacis
1507 1287 1525 1312 ,
1556 1249 1652 1300 sed
1686 1247 1813 1312 iuxta

381 1321 622 1374 barbaras
670 1336 855 1390 gentes
892 1339 910 1381 ·‚
953 1336 1016 1373 ut
1060 1322 1141 1373 illi
1187 1321 1426 1374 solebant
1472 1322 1672 1390 quibus
1710 1336 1815 1373 erat

382 1395 556 1448 moris
593 1397 967 1463 paludamento
1018 1409 1221 1447 mutare
1266 1410 1580 1462 praetextam
1616 1433 1633 1457 ‚
1683 1393 1813 1462 igno·

382 1468 566 1535 tasque
603 1482 767 1520 terras
794 1465 1027 1520 victoria
1057 1466 1223 1535 sequi.
1245 1467 1529 1519 Pulchrum
1559 1467 1811 1534 imperio,

377 1540 678 1608 gloriosum
708 1540 804 1592 tibi
828 1579 843 1604 ,
870 1556 1035 1609 quum
1070 1554 1123 1592 te
1165 1540 1298 1592 socii
1340 1555 1499 1608 atque
1539 1540 1703 1591 amici
1736 1541 1812 1592 sua

377 1611 443 1664 *in
478 1614 685 1682 patria,
721 1613 826 1665 suis
866 1613 923 1664 in
958 1613 1164 1666 sedibus
1202 1614 1460 1665 adierunt.
1505 1615 1720 1665 Decor-a
1756 1613 1814 1664 fa·

378 1686 491 1738 cies
522 1686 754 1740 consulis
781 1724 798 1749 ,-
835 1689 1002 1739 multa
1033 1685 1152 1754 post
1181 1687 1351 1738 secula
1392 1686 1626 1739 tribunal
1665 1684 1811 1739 viridi

373 1760 581 1827 cespite
611 1758 929 1812 exsti-ustum
955 1799 970 1823 ,
995 1776 1093 1811 nec
1115 1759 1334 1812 fascium
1353 1758 1560 1811 tannim
1584 1797 1601 1823 ‚
1634 1759 1722 1811 sed
1749 1757 1813 1826 pi·

380 1834 560 1888 lorum
602 1833 983 1903 signorumque
1025 1833 1237 1886 honore
1282 1833 1684 1886 circumdatum.
1720 1833 1812 1884 Au·

383 1908 575 1975 gebant
606 1906 928 1971 majestatem
963 1906 1295 1974 praesidentis
1332 1905 1531 1959 diversi
1563 1906 1810 1975 postulan-

381 1980 520 2030 tium
559 1980 766 2032 habitus
790 2020 806 2044 ‚
844 1996 903 2032 ac
941 1979 1158 2032 diffonae
1199 1995 1364 2032 voces
1390 2019 1405 2043 ‚
1441 1996 1666 2048 raraque
1709 1979 1809 2032 sine

352 2050 672 2120 ,interprete
709 2052 904 2106 oratio.
942 2051 1294 2124 Magnificum
1330 2052 1402 2105 est
1431 2053 1642 2105 civibus
1674 2051 1808 2117 jura3

378 2125 511 2193 quid
548 2124 781 2177 hostibus
825 2128 1039 2177 reddere
1069 2128 1092 2178 ἓ
1138 2126 1434 2193 speciosum
1483 2141 1681 2181 certam
1717 2125 1808 2178 fori

379 2211 625 2265 pacem,
608 2217 620 2229 ·
670 2201 797 2267 quid
846 2199 1105 2252 immanes
1155 2216 1373 2267 campos
1428 2199 1552 2251 sella
1603 2199 1804 2262 curuli,

376 2271 707 2339 viam-isque
735 2271 973 2342 vestigio
1013 2276 1304 2355 premere?
1342 2272 1626 2324 imminere
1657 2271 1807 2324 mina·

382 2343 535 2398 cibus
577 2345 709 2415 ripis
757 2359 930 2397 tutum
978 2345 1374 2414 quietumque3
1412 2345 1539 2413 quid
1576 2345 1806 2412 spernere

380 2417 627 2471 barbaros
672 2420 951 2482 fremitus,
994 2417 1346 2505 hostilemque
1394 2429 1652 2469 terrorem
1705 2434 1804 2469 nou

380 2508 653 2544 armorum
701 2491 919 2560 magis,
958 2507 1118 2560 quam
1167 2506 1413 2561 togarum
1463 2490 1804 2542 ostentatione

378 2565 715 2633 compescere
735 2567 760 2617 ἓ
780 2567 962 2634 ltaque
999 2581 1111 2616 non
1147 2578 1202 2617 te
1241 2566 1380 2632 apud
1407 2563 1701 2632 imagines,
1727 2564 1813 2617 sed

379 2637 554 2706 ipsum
605 2638 915 2706 praesentem
966 2637 1397 2705 audientemque·
1421 2637 1804 2689 consalutabant

375 2712 758 2779 imperatorem
797 2750 811 2773 ‚
859 2726 1222 2779 nomenque,
1268 2712 1413 2779 quod
1452 2709 1544 2763 alii
1594 2709 1801 2762 domitis

381 2784 656 2845 hostibus,
694 2797 752 2835 tu
788 2782 1112 2851 contemptis
1147 2786 1432 2837 merebare.

383 2881 384 2886 ¹
454 2857 790 2909 LV11.Haec
823 2858 937 2909 laus
978 2855 1082 2908 asti
1120 2857 1464 2915 constssaffi53
1500 2855 1590 2907 ina
1623 2852 1797 2917 dilati,

380 2927 525 3000 quod
558 2930 723 2986 adhuc
754 2929 913 2984 initio
952 2929 1327 3000 principans,
1360 2943 1421 2982 ut
1459 2927 1556 2997 iam
1592 2926 1798 2986 exsatia-
