1951 3720
397 367 541 439 234
742 344 1002 412 CAII
1074 342 1496 412 ΡιιΝιι

537 468 611 522 V.
651 467 982 520 Puruus
1023 466 1400 520 Gnuuuo
1443 479 1598 519 suo
1643 468 1709 520 S.

464 589 684 642 Macn’ni
707 606 851 659 grave
869 588 1040 639 vulnus
1063 605 1123 639 ex
1148 586 1280 638 obitu
1301 587 1466 637 uxoris
1489 587 1786 637 lectissima.

401 700 491 792 G
513 750 716 788 RAVE
782 736 979 787 vulnus
1020 732 1307 804 ¹Macrinus
1368 732 1548 785 noster
1612 732 1846 802 accepit.

390 803 585 861 Amisit
608 826 837 861 uxorem
862 807 1145 876 singularis
1165 808 1402 874 exempli
1427 845 1443 869 ‚
1469 806 1694 859 etiamsi
1720 808 1847 860 olim

390 880 582 935 fuiffet.
641 882 802 934 Vixit
849 897 971 933 cum
1027 882 1127 932 hac
1170 879 1385 949 triginta
1429 896 1638 933 novem
1696 880 1847 932 annis

392 952 509 1006 sine
542 954 718 1025 jurgio
743 995 758 1020 ,
801 955 918 1008 sine
955 952 1175 1005 offensa.
1235 955 1412 1020 Quam
1455 952 1548 1019 illa
1588 971 1848 1005 reveren-

389 1026 519 1079 tiam
561 1029 754 1081 marito
786 1029 883 1081 suo
925 1027 1198 1095 praestitit,
1239 1042 1404 1095 quum
1434 1026 1549 1094 ipsa
1580 1027 1847 1079 summam

387 1116 683 1162 ,mereretur
707 1107 718 1155 !
746 1104 897 1168 Quot
921 1100 1244 1169 quantasque
1262 1099 1492 1152 virtutes
1515 1116 1590 1152 ex
1614 1100 1846 1154 diversis

390 1174 631 1227 aetatibus
658 1175 891 1243 sumptas
921 1173 1140 1243 collegit
1166 1173 1220 1224 δι
1241 1172 1454 1225 miscuit
1475 1176 1488 1226 Ξ
1525 1174 1712 1226 Habet
1734 1174 1845 1242 qui-

391 1246 511 1298 dem
550 1248 821 1301 Macrinus
866 1249 1060 1317 grande
1099 1246 1348 1298 solatium
1388 1284 1403 1308 ,
1449 1247 1597 1315 quod
1635 1262 1844 1301 tantum

381 1321 594 1380 ,bonum
637 1321 839 1374 tamdiu
887 1319 1102 1378 tenuit·,
1139 1320 1229 1371 sed
1268 1316 1375 1371 hoc
1406 1319 1579 1389 magis
1623 1337 1841 1375 exacer-

388 1393 541 1446 batur
564 1435 579 1458 ‚
612 1392 758 1464 quod
784 1394 983 1447 amisit.
1033 1394 1171 1445 Nam
1204 1392 1437 1447 fruendis
1467 1395 1840 1461 voluptatibus

387 1465 582 1522 crescit
616 1468 825 1520 carendi
867 1470 1042 1519 dolor.
1092 1468 1196 1519 Ero
1236 1484 1366 1535 ergo
1416 1466 1706 1535 suspensus
1749 1485 1840 1537 pro

387 1539 610 1593 homine
630 1541 962 1594 amicissimo
982 1580 994 1603 ‚
1016 1542 1139 1591 dum
1160 1540 1438 1593 admittere
1457 1558 1839 1604 avocamenta,

393 1612 446 1664 &
482 1613 781 1666 cicatricem
820 1615 931 1682 pati
962 1613 1180 1681 possim
1229 1630 1387 1682 quam
1400 1613 1558 1666 ,nihil
1597 1613 1753 1682 aeque
1788 1632 1840 1667 ac

385 1683 681 1742 ‘necessitas
713 1688 824 1756 ipsa
844 1726 859 1751 ,
887 1688 940 1740 &
958 1686 1071 1740 dies
1093 1688 1286 1757 longa,
1309 1688 1363 1739 δι
1395 1687 1610 1741 satietas
1636 1690 1859 1741 doloris'

392 1758 619 1815 inducit.
664 1763 848 1815 Vale„

504 1882 616 1936 VI.
657 1881 990 1934 pinctus
1028 1881 1436 1936 ΜοκτΑπο
1481 1898 1634 1936 suo
1675 1885 1731 1939 S.

385 1977 776 2050 Indignabundus
788 1980 1060 2049 perstringit
1077 1970 1534 2049 finatusconsultum
1563 1984 1621 2032 de
1636 1983 1835 2050 praemiis

384 2100 391 2111 ·
432 2078 478 2128 6·
498 2076 760 2129 honoribus.
780 2077 1001 2128 Pallanti
1021 2076 1193 2128 liberto
1214 2078 1434 2129 decretis.
1470 2077 1598 2130 Vide
1618 2093 1653 2142 7
1667 2113 1685 2136 ‚
1712 2091 1797 2144 29.

404 2187 960 2282 Coouovmsn
1007 2223 1113 2290 jam
1156 2242 1227 2278 ex
1266 2224 1488 2294 epistola
1529 2243 1659 2280 mea·
1685 2227 1828 2279 debes

393 2299 659 2352 adnotaffe
697 2314 781 2352 me
821 2316 992 2366 nuper
1026 2314 1434 2351 monumentum
1468 2300 1721 2353 Pallantis
1749 2301 1826 2352 sub

387 2372 489 2425 hac
526 2373 912 2440 inscriptione:
950 2372 1079 2423 Huic
1102 2372 1296 2439 senatus
1333 2375 1392 2423 ob
1418 2374 1569 2443 fidem
1596 2378 1825 2444 pinacem·

383 2465 480 2514 tque
513 2465 621 2515 erga
648 2462 878 2514 patronos
903 2481 917 2506 ,
944 2463 1219 2497 ornamenta
1239 2450 1470 2513 praetoria
1508 2451 1723 2499 decrevit
1745 2485 1757 2508 ,
1786 2448 1824 2496 6·

387 2517 648 2586 sestertium
675 2521 856 2570 centies
887 2521 1192 2588 ‘quinquagies
1214 2539 1249 2578 3⁷
1271 2521 1397 2584 cujus
1435 2523 1615 2574 honore
1653 2539 1824 2573 conten·

397 2608 471 2643 tus
499 2593 618 2658 fuit.
676 2592 857 2644 Postea
894 2592 1030 2642 mihi
1070 2594 1242 2644 visum
1281 2592 1354 2644 est
1388 2593 1625 2661 pretium
1664 2611 1820 2663 operae

394 2665 567 2733 ipsum
623 2665 1134 2717 senatusconsultum
1180 2683 1433 2734 quaerere.
1495 2669 1691 2720 Inveni
1731 2682 1818 2719 tam

393 2739 674 2806 copiosum
708 2739 760 2788 ὅ(
783 2738 1009 2806 effusum
1030 2778 1045 2801 ‚
1083 2754 1144 2790 ut
1172 2739 1263 2790 ille
1284 2739 1694 2806 superbissimus
1717 2741 1817 2792 titu-

394 2814 479 2866 lus
512 2851 527 2875 ,
579 2812 818 2863 modicus
859 2826 1016 2879 atque
1061 2811 1221 2863 etiam
1261 2811 1507 2864 demiffus
1546 2814 1813 2866 videretur.

400 2886 689 2937 Conferant
731 2885 783 2935 se
811 2923 824 2946 ‚
863 2901 975 2935 non
1016 2885 1136 2936 dico
1188 2884 1269 2937 illi
1304 2901 1517 2938 veteres
1558 2885 1811 2946 Africani,

396 2956 648 3022 Achaici,
687 2956 1036 3019 Numantini„
1074 2958 1162 3009 sed
1200 2957 1258 3010 hi
1297 2959 1575 3026 proximi,
1617 2958 1808 3017 Marii,
