<?xml version="1.0" encoding="UTF-8"?>
<!DOCTYPE html PUBLIC "-//W3C//DTD XHTML 1.0 Transitional//EN"
    "http://www.w3.org/TR/xhtml1/DTD/xhtml1-transitional.dtd">
<html xmlns="http://www.w3.org/1999/xhtml" xml:lang="en" lang="en">
 <head>
  <title>
</title>
<meta http-equiv="Content-Type" content="text/html;charset=utf-8" />
  <meta name='ocr-system' content='tesseract 3.04.00' />
  <meta name='ocr-capabilities' content='ocr_page ocr_carea ocr_par ocr_line ocrx_word'/>
</head>
<body>
  <div class='ocr_page' id='page_1' title='image "./panegyricus00lallgoog_0194.png"; bbox 0 0 1951 3720; ppageno 0'>
   <div class='ocr_carea' id='block_1_1' title="bbox 439 317 1579 416">
    <p class='ocr_par' dir='ltr' id='par_1_1' title="bbox 439 317 1579 416">
     <span class='ocr_line' id='line_1_1' title="bbox 439 317 1579 416; baseline -0.006 -7"><span class='ocrx_word' id='word_1_1' title='bbox 439 338 581 411; x_wconf 72' lang='lat'>262</span> <span class='ocrx_word' id='word_1_2' title='bbox 760 335 1031 406; x_wconf 72' lang='lat' dir='ltr'><em>CAII.</em></span> <span class='ocrx_word' id='word_1_3' title='bbox 1105 317 1579 416; x_wconf 61' lang='lat' dir='ltr'>Pztlvtt‘</span> 
     </span>
    </p>
   </div>
   <div class='ocr_carea' id='block_1_2' title="bbox 434 455 1833 599">
    <p class='ocr_par' dir='ltr' id='par_1_2' title="bbox 434 455 1833 599">
     <span class='ocr_line' id='line_1_2' title="bbox 434 455 1833 529; baseline -0.001 -15"><span class='ocrx_word' id='word_1_4' title='bbox 434 460 777 515; x_wconf 78' lang='lat' dir='ltr'>transferebat</span> <span class='ocrx_word' id='word_1_5' title='bbox 809 479 826 521; x_wconf 92' lang='lat'>·‚</span> <span class='ocrx_word' id='word_1_6' title='bbox 860 457 1007 529; x_wconf 80' lang='lat' dir='ltr'>quod</span> <span class='ocrx_word' id='word_1_7' title='bbox 1035 458 1244 527; x_wconf 81' lang='lat' dir='ltr'>semper</span> <span class='ocrx_word' id='word_1_8' title='bbox 1272 455 1533 526; x_wconf 77' lang='lat' dir='ltr'>aruspices</span> <span class='ocrx_word' id='word_1_9' title='bbox 1568 457 1833 513; x_wconf 79' lang='lat' dir='ltr'>consulebat</span> 
     </span>
     <span class='ocr_line' id='line_1_3' title="bbox 435 529 1831 599; baseline -0.001 -12"><span class='ocrx_word' id='word_1_10' title='bbox 435 529 500 587; x_wconf 84' lang='lat' dir='ltr'>de</span> <span class='ocrx_word' id='word_1_11' title='bbox 543 534 767 587; x_wconf 55' lang='lat' dir='ltr'>actionis</span> <span class='ocrx_word' id='word_1_12' title='bbox 801 548 1002 586; x_wconf 85' lang='lat' dir='ltr'>eventu</span> <span class='ocrx_word' id='word_1_13' title='bbox 1023 572 1039 595; x_wconf 86' lang='lat'>‚</span> <span class='ocrx_word' id='word_1_14' title='bbox 1071 532 1200 584; x_wconf 87' lang='lat' dir='ltr'>anili</span> <span class='ocrx_word' id='word_1_15' title='bbox 1231 531 1595 599; x_wconf 80' lang='lat' dir='ltr'>superstitione</span> <span class='ocrx_word' id='word_1_16' title='bbox 1621 550 1633 584; x_wconf 90' lang='lat'>:</span> <span class='ocrx_word' id='word_1_17' title='bbox 1672 533 1750 584; x_wconf 89' lang='lat' dir='ltr'>sed</span> <span class='ocrx_word' id='word_1_18' title='bbox 1772 548 1831 585; x_wconf 89' lang='lat' dir='ltr'>ta-</span> 
     </span>
    </p>
   </div>
   <div class='ocr_carea' id='block_1_3' title="bbox 432 605 1877 754">
    <p class='ocr_par' dir='ltr' id='par_1_3' title="bbox 432 605 1877 754">
     <span class='ocr_line' id='line_1_4' title="bbox 434 605 1877 677; baseline -0.001 -18"><span class='ocrx_word' id='word_1_19' title='bbox 434 624 560 661; x_wconf 86' lang='lat' dir='ltr'>men</span> <span class='ocrx_word' id='word_1_20' title='bbox 582 609 634 660; x_wconf 87' lang='lat'>&amp;</span> <span class='ocrx_word' id='word_1_21' title='bbox 652 625 682 659; x_wconf 93' lang='lat' dir='ltr'>a</span> <span class='ocrx_word' id='word_1_22' title='bbox 700 624 894 677; x_wconf 85' lang='lat' dir='ltr'>magno</span> <span class='ocrx_word' id='word_1_23' title='bbox 913 606 1205 658; x_wconf 84' lang='lat' dir='ltr'>studiorum</span> <span class='ocrx_word' id='word_1_24' title='bbox 1223 608 1430 657; x_wconf 83' lang='lat' dir='ltr'>honore</span> <span class='ocrx_word' id='word_1_25' title='bbox 1460 605 1716 657; x_wconf 83' lang='lat' dir='ltr'>veniebat.</span> <span class='ocrx_word' id='word_1_26' title='bbox 1742 606 1830 658; x_wconf 86' lang='lat' dir='ltr'>Jam</span> <span class='ocrx_word' id='word_1_27' title='bbox 1876 609 1877 622; x_wconf 64' lang='lat'>¹</span> 
     </span>
     <span class='ocr_line' id='line_1_5' title="bbox 432 677 1877 754; baseline -0.001 -21"><span class='ocrx_word' id='word_1_28' title='bbox 432 679 526 734; x_wconf 86' lang='lat' dir='ltr'>illa</span> <span class='ocrx_word' id='word_1_29' title='bbox 557 683 811 754; x_wconf 76' lang='lat' dir='ltr'>perquam</span> <span class='ocrx_word' id='word_1_30' title='bbox 833 681 1060 748; x_wconf 85' lang='lat' dir='ltr'>jucunda</span> <span class='ocrx_word' id='word_1_31' title='bbox 1078 678 1182 730; x_wconf 75' lang='lat' dir='ltr'>una</span> <span class='ocrx_word' id='word_1_32' title='bbox 1200 677 1493 730; x_wconf 84' lang='lat' dir='ltr'>dicentibus</span> <span class='ocrx_word' id='word_1_33' title='bbox 1510 717 1525 740; x_wconf 82' lang='grc'>,</span> <span class='ocrx_word' id='word_1_34' title='bbox 1548 677 1832 750; x_wconf 75' lang='lat' dir='ltr'>quodlibeta</span> <span class='ocrx_word' id='word_1_35' title='bbox 1876 707 1877 716; x_wconf 28' lang='grc' dir='ltr'><strong>κ</strong></span> 
     </span>
    </p>
   </div>
   <div class='ocr_carea' id='block_1_4' title="bbox 433 748 1877 822">
    <p class='ocr_par' dir='ltr' id='par_1_4' title="bbox 433 748 1877 822">
     <span class='ocr_line' id='line_1_6' title="bbox 433 748 1877 822; baseline -0.001 -17"><span class='ocrx_word' id='word_1_36' title='bbox 433 767 677 822; x_wconf 86' lang='lat' dir='ltr'>tempora</span> <span class='ocrx_word' id='word_1_37' title='bbox 733 756 943 822; x_wconf 90' lang='lat' dir='ltr'>petebat</span> <span class='ocrx_word' id='word_1_38' title='bbox 973 791 989 814; x_wconf 79' lang='lat'>‚</span> <span class='ocrx_word' id='word_1_39' title='bbox 1033 748 1178 821; x_wconf 75' lang='lat' dir='ltr'>quod</span> <span class='ocrx_word' id='word_1_40' title='bbox 1219 751 1491 804; x_wconf 80' lang='lat' dir='ltr'>audituros</span> <span class='ocrx_word' id='word_1_41' title='bbox 1541 753 1831 820; x_wconf 86' lang='lat' dir='ltr'>corrogabat.</span> <span class='ocrx_word' id='word_1_42' title='bbox 1876 773 1877 794; x_wconf 56' lang='grc' dir='ltr'><em>τ</em></span> 
     </span>
    </p>
   </div>
   <div class='ocr_carea' id='block_1_5' title="bbox 432 823 1878 894">
    <p class='ocr_par' dir='ltr' id='par_1_5' title="bbox 432 823 1878 894">
     <span class='ocr_line' id='line_1_7' title="bbox 432 823 1878 894; baseline -0.004 -14"><span class='ocrx_word' id='word_1_43' title='bbox 432 827 581 892; x_wconf 67' lang='lat' dir='ltr'>Quid</span> <span class='ocrx_word' id='word_1_44' title='bbox 599 826 743 886; x_wconf 84' lang='lat' dir='ltr'>enim</span> <span class='ocrx_word' id='word_1_45' title='bbox 762 826 1041 891; x_wconf 76' lang='lat' dir='ltr'>iucundius</span> <span class='ocrx_word' id='word_1_46' title='bbox 1056 862 1074 889; x_wconf 86' lang='lat'>‚</span> <span class='ocrx_word' id='word_1_47' title='bbox 1106 823 1264 894; x_wconf 78' lang='lat' dir='ltr'>quam</span> <span class='ocrx_word' id='word_1_48' title='bbox 1286 823 1379 876; x_wconf 87' lang='lat' dir='ltr'>sub</span> <span class='ocrx_word' id='word_1_49' title='bbox 1397 823 1611 877; x_wconf 86' lang='lat' dir='ltr'>alterius</span> <span class='ocrx_word' id='word_1_50' title='bbox 1630 823 1832 887; x_wconf 85' lang='lat' dir='ltr'>invidia,</span> <span class='ocrx_word' id='word_1_51' title='bbox 1872 838 1878 868; x_wconf 59' lang='grc' dir='ltr'>ἰ</span> 
     </span>
    </p>
   </div>
   <div class='ocr_carea' id='block_1_6' title="bbox 433 896 1833 967">
    <p class='ocr_par' dir='ltr' id='par_1_6' title="bbox 433 896 1833 967">
     <span class='ocr_line' id='line_1_8' title="bbox 433 896 1833 967; baseline -0.002 -16"><span class='ocrx_word' id='word_1_52' title='bbox 433 899 685 967; x_wconf 83' lang='lat' dir='ltr'>quamdiu</span> <span class='ocrx_word' id='word_1_53' title='bbox 714 900 853 952; x_wconf 85' lang='lat' dir='ltr'>velis</span> <span class='ocrx_word' id='word_1_54' title='bbox 876 939 891 962; x_wconf 83' lang='lat'>‚</span> <span class='ocrx_word' id='word_1_55' title='bbox 926 900 980 950; x_wconf 75' lang='grc' dir='ltr'>δε</span> <span class='ocrx_word' id='word_1_56' title='bbox 1010 900 1070 951; x_wconf 90' lang='lat' dir='ltr'>in</span> <span class='ocrx_word' id='word_1_57' title='bbox 1094 899 1270 949; x_wconf 88' lang='lat' dir='ltr'>alieno</span> <span class='ocrx_word' id='word_1_58' title='bbox 1302 896 1569 949; x_wconf 87' lang='lat' dir='ltr'>auditorio</span> <span class='ocrx_word' id='word_1_59' title='bbox 1608 897 1746 965; x_wconf 86' lang='lat' dir='ltr'>quasi</span> <span class='ocrx_word' id='word_1_60' title='bbox 1763 899 1833 949; x_wconf 86' lang='lat' dir='ltr'>de-</span> 
     </span>
    </p>
   </div>
   <div class='ocr_carea' id='block_1_7' title="bbox 429 969 1877 1042">
    <p class='ocr_par' dir='ltr' id='par_1_7' title="bbox 429 969 1877 1042">
     <span class='ocr_line' id='line_1_9' title="bbox 429 969 1877 1042; baseline -0.001 -20"><span class='ocrx_word' id='word_1_61' title='bbox 429 972 747 1040; x_wconf 84' lang='lat' dir='ltr'>prehensum</span> <span class='ocrx_word' id='word_1_62' title='bbox 785 969 1069 1025; x_wconf 70' lang='lat' dir='ltr'>commode</span> <span class='ocrx_word' id='word_1_63' title='bbox 1111 970 1325 1023; x_wconf 85' lang='lat' dir='ltr'>dicere?</span> <span class='ocrx_word' id='word_1_64' title='bbox 1363 970 1466 1021; x_wconf 84' lang='lat' dir='ltr'>Sed</span> <span class='ocrx_word' id='word_1_65' title='bbox 1498 983 1768 1037; x_wconf 84' lang='lat' dir='ltr'>utcumque</span> <span class='ocrx_word' id='word_1_66' title='bbox 1795 970 1833 1021; x_wconf 84' lang='lat' dir='ltr'>se</span> <span class='ocrx_word' id='word_1_67' title='bbox 1876 1019 1877 1042; x_wconf 20' lang='grc' dir='ltr'>ζ</span> 
     </span>
    </p>
   </div>
   <div class='ocr_carea' id='block_1_8' title="bbox 429 1041 1835 1113">
    <p class='ocr_par' dir='ltr' id='par_1_8' title="bbox 429 1041 1835 1113">
     <span class='ocr_line' id='line_1_10' title="bbox 429 1041 1835 1113; baseline -0.004 -16"><span class='ocrx_word' id='word_1_68' title='bbox 429 1045 625 1098; x_wconf 84' lang='lat' dir='ltr'>habent</span> <span class='ocrx_word' id='word_1_69' title='bbox 645 1044 748 1098; x_wconf 80' lang='lat' dir='ltr'>ista</span> <span class='ocrx_word' id='word_1_70' title='bbox 771 1084 785 1108; x_wconf 89' lang='lat'>‚</span> <span class='ocrx_word' id='word_1_71' title='bbox 823 1048 957 1098; x_wconf 88' lang='lat' dir='ltr'>bene</span> <span class='ocrx_word' id='word_1_72' title='bbox 996 1043 1122 1097; x_wconf 89' lang='lat' dir='ltr'>fecit</span> <span class='ocrx_word' id='word_1_73' title='bbox 1151 1044 1386 1113; x_wconf 87' lang='lat' dir='ltr'>Regulus</span> <span class='ocrx_word' id='word_1_74' title='bbox 1410 1078 1424 1101; x_wconf 87' lang='lat'><strong>‚</strong></span> <span class='ocrx_word' id='word_1_75' title='bbox 1462 1041 1608 1112; x_wconf 77' lang='lat' dir='ltr'>quod</span> <span class='ocrx_word' id='word_1_76' title='bbox 1632 1042 1700 1093; x_wconf 87' lang='lat' dir='ltr'>est</span> <span class='ocrx_word' id='word_1_77' title='bbox 1728 1058 1835 1093; x_wconf 82' lang='lat' dir='ltr'>mor·</span> 
     </span>
    </p>
   </div>
   <div class='ocr_carea' id='block_1_9' title="bbox 425 1114 1877 1183">
    <p class='ocr_par' dir='ltr' id='par_1_9' title="bbox 425 1114 1877 1183">
     <span class='ocr_line' id='line_1_11' title="bbox 425 1114 1877 1183; baseline -0.001 -14"><span class='ocrx_word' id='word_1_78' title='bbox 425 1125 554 1171; x_wconf 70' lang='lat' dir='ltr'>tuus</span> <span class='ocrx_word' id='word_1_79' title='bbox 581 1158 595 1183; x_wconf 90' lang='lat'><strong>‚</strong></span> <span class='ocrx_word' id='word_1_80' title='bbox 630 1117 819 1172; x_wconf 71' lang='lat' dir='ltr'>melius</span> <span class='ocrx_word' id='word_1_81' title='bbox 842 1159 859 1183; x_wconf 82' lang='lat'>,</span> <span class='ocrx_word' id='word_1_82' title='bbox 896 1118 944 1171; x_wconf 86' lang='lat' dir='ltr'>si</span> <span class='ocrx_word' id='word_1_83' title='bbox 981 1116 1122 1170; x_wconf 73' lang='lat' dir='ltr'>ante.</span> <span class='ocrx_word' id='word_1_84' title='bbox 1162 1118 1318 1168; x_wconf 87' lang='lat' dir='ltr'>Nunc</span> <span class='ocrx_word' id='word_1_85' title='bbox 1341 1116 1488 1168; x_wconf 82' lang='lat' dir='ltr'>enim</span> <span class='ocrx_word' id='word_1_86' title='bbox 1521 1114 1643 1169; x_wconf 67' lang='lat' dir='ltr'>sane</span> <span class='ocrx_word' id='word_1_87' title='bbox 1666 1128 1835 1183; x_wconf 82' lang='lat' dir='ltr'>poterat</span> <span class='ocrx_word' id='word_1_88' title='bbox 1876 1151 1877 1160; x_wconf 26' lang='grc' dir='ltr'>η</span> 
     </span>
    </p>
   </div>
   <div class='ocr_carea' id='block_1_10' title="bbox 424 1189 1839 1408">
    <p class='ocr_par' dir='ltr' id='par_1_10' title="bbox 424 1189 1839 1408">
     <span class='ocr_line' id='line_1_12' title="bbox 424 1189 1835 1261; baseline -0.004 -17"><span class='ocrx_word' id='word_1_89' title='bbox 424 1189 549 1244; x_wconf 65' lang='lat' dir='ltr'>‘sine</span> <span class='ocrx_word' id='word_1_90' title='bbox 580 1194 724 1244; x_wconf 87' lang='lat' dir='ltr'>malo</span> <span class='ocrx_word' id='word_1_91' title='bbox 756 1192 969 1261; x_wconf 90' lang='lat' dir='ltr'>publico</span> <span class='ocrx_word' id='word_1_92' title='bbox 1008 1191 1197 1242; x_wconf 81' lang='lat' dir='ltr'>vivere</span> <span class='ocrx_word' id='word_1_93' title='bbox 1231 1190 1323 1241; x_wconf 88' lang='lat' dir='ltr'>sub</span> <span class='ocrx_word' id='word_1_94' title='bbox 1358 1207 1427 1241; x_wconf 88' lang='lat' dir='ltr'>eo</span> <span class='ocrx_word' id='word_1_95' title='bbox 1456 1189 1700 1257; x_wconf 85' lang='lat' dir='ltr'>Principe</span> <span class='ocrx_word' id='word_1_96' title='bbox 1720 1228 1732 1251; x_wconf 91' lang='lat'>‚</span> <span class='ocrx_word' id='word_1_97' title='bbox 1766 1189 1835 1239; x_wconf 89' lang='lat' dir='ltr'>sub</span> 
     </span>
     <span class='ocr_line' id='line_1_13' title="bbox 433 1262 1839 1336; baseline -0.004 -19"><span class='ocrx_word' id='word_1_98' title='bbox 433 1281 544 1334; x_wconf 87' lang='lat' dir='ltr'>quo</span> <span class='ocrx_word' id='word_1_99' title='bbox 584 1282 778 1336; x_wconf 61' lang='lat' dir='ltr'>nocere</span> <span class='ocrx_word' id='word_1_100' title='bbox 814 1281 926 1317; x_wconf 89' lang='lat' dir='ltr'>non</span> <span class='ocrx_word' id='word_1_101' title='bbox 961 1278 1190 1333; x_wconf 87' lang='lat' dir='ltr'>poterat.</span> <span class='ocrx_word' id='word_1_102' title='bbox 1236 1265 1364 1315; x_wconf 87' lang='lat' dir='ltr'>Ideo</span> <span class='ocrx_word' id='word_1_103' title='bbox 1394 1262 1471 1315; x_wconf 83' lang='lat' dir='ltr'>fas</span> <span class='ocrx_word' id='word_1_104' title='bbox 1505 1262 1582 1315; x_wconf 86' lang='lat' dir='ltr'>est</span> <span class='ocrx_word' id='word_1_105' title='bbox 1615 1277 1839 1314; x_wconf 86' lang='lat' dir='ltr'>nonnum·</span> 
     </span>
     <span class='ocr_line' id='line_1_14' title="bbox 435 1334 1835 1408; baseline -0.003 -18"><span class='ocrx_word' id='word_1_106' title='bbox 435 1354 595 1408; x_wconf 87' lang='lat' dir='ltr'>quam</span> <span class='ocrx_word' id='word_1_107' title='bbox 632 1356 757 1391; x_wconf 88' lang='lat' dir='ltr'>eum</span> <span class='ocrx_word' id='word_1_108' title='bbox 794 1354 1047 1407; x_wconf 79' lang='lat' dir='ltr'>quaerere.</span> <span class='ocrx_word' id='word_1_109' title='bbox 1093 1338 1231 1388; x_wconf 86' lang='lat' dir='ltr'>Nam</span> <span class='ocrx_word' id='word_1_110' title='bbox 1266 1334 1541 1404; x_wconf 86' lang='lat' dir='ltr'>postquam</span> <span class='ocrx_word' id='word_1_111' title='bbox 1577 1336 1710 1387; x_wconf 88' lang='lat' dir='ltr'>obiit</span> <span class='ocrx_word' id='word_1_112' title='bbox 1734 1335 1835 1396; x_wconf 82' lang='lat' dir='ltr'>ine,</span> 
     </span>
    </p>
   </div>
   <div class='ocr_carea' id='block_1_11' title="bbox 431 1407 1877 1479">
    <p class='ocr_par' dir='ltr' id='par_1_11' title="bbox 431 1407 1877 1479">
     <span class='ocr_line' id='line_1_15' title="bbox 431 1407 1877 1479; baseline -0.003 -16"><span class='ocrx_word' id='word_1_113' title='bbox 431 1410 693 1464; x_wconf 87' lang='lat' dir='ltr'>increbuit</span> <span class='ocrx_word' id='word_1_114' title='bbox 731 1412 932 1479; x_wconf 86' lang='lat' dir='ltr'>passim</span> <span class='ocrx_word' id='word_1_115' title='bbox 972 1411 1026 1462; x_wconf 73' lang='grc' dir='ltr'>ὅ(</span> <span class='ocrx_word' id='word_1_116' title='bbox 1057 1409 1286 1461; x_wconf 84' lang='lat' dir='ltr'>invaluit</span> <span class='ocrx_word' id='word_1_117' title='bbox 1331 1409 1692 1468; x_wconf 78' lang='lat' dir='ltr'>consuetudo.</span> <span class='ocrx_word' id='word_1_118' title='bbox 1720 1407 1834 1459; x_wconf 84' lang='lat' dir='ltr'>binas</span> <span class='ocrx_word' id='word_1_119' title='bbox 1876 1407 1877 1418; x_wconf 58' lang='lat'>¹</span> 
     </span>
    </p>
   </div>
   <div class='ocr_carea' id='block_1_12' title="bbox 425 1479 1837 2066">
    <p class='ocr_par' dir='ltr' id='par_1_12' title="bbox 425 1479 1837 2066">
     <span class='ocr_line' id='line_1_16' title="bbox 432 1479 1835 1555; baseline -0.003 -19"><span class='ocrx_word' id='word_1_120' title='bbox 432 1479 524 1536; x_wconf 87' lang='lat' dir='ltr'>vel</span> <span class='ocrx_word' id='word_1_121' title='bbox 556 1485 789 1555; x_wconf 81' lang='lat' dir='ltr'>singulas</span> <span class='ocrx_word' id='word_1_122' title='bbox 830 1484 1130 1553; x_wconf 86' lang='lat' dir='ltr'>clepsydras</span> <span class='ocrx_word' id='word_1_123' title='bbox 1163 1522 1179 1546; x_wconf 83' lang='lat'>‚</span> <span class='ocrx_word' id='word_1_124' title='bbox 1223 1482 1488 1534; x_wconf 89' lang='lat' dir='ltr'>interdum</span> <span class='ocrx_word' id='word_1_125' title='bbox 1526 1484 1687 1534; x_wconf 81' lang='lat' dir='ltr'>etiam</span> <span class='ocrx_word' id='word_1_126' title='bbox 1717 1480 1835 1533; x_wconf 87' lang='lat' dir='ltr'>dimi·</span> 
     </span>
     <span class='ocr_line' id='line_1_17' title="bbox 431 1555 1833 1625; baseline -0.004 -15"><span class='ocrx_word' id='word_1_127' title='bbox 431 1557 544 1610; x_wconf 86' lang='lat' dir='ltr'>dias</span> <span class='ocrx_word' id='word_1_128' title='bbox 567 1598 582 1623; x_wconf 92' lang='lat'><strong>‚</strong></span> <span class='ocrx_word' id='word_1_129' title='bbox 617 1560 671 1610; x_wconf 90' lang='lat'>&amp;</span> <span class='ocrx_word' id='word_1_130' title='bbox 705 1558 861 1610; x_wconf 85' lang='lat' dir='ltr'>dandi</span> <span class='ocrx_word' id='word_1_131' title='bbox 899 1559 952 1609; x_wconf 87' lang='lat'>&amp;</span> <span class='ocrx_word' id='word_1_132' title='bbox 985 1556 1218 1625; x_wconf 88' lang='lat' dir='ltr'>petendi.</span> <span class='ocrx_word' id='word_1_133' title='bbox 1265 1556 1403 1608; x_wconf 81' lang='lat' dir='ltr'>Nam</span> <span class='ocrx_word' id='word_1_134' title='bbox 1437 1557 1489 1608; x_wconf 88' lang='lat'>&amp;</span> <span class='ocrx_word' id='word_1_135' title='bbox 1521 1556 1616 1624; x_wconf 88' lang='lat' dir='ltr'>qui</span> <span class='ocrx_word' id='word_1_136' title='bbox 1655 1555 1833 1616; x_wconf 83' lang='lat' dir='ltr'>dicunt,</span> 
     </span>
     <span class='ocr_line' id='line_1_18' title="bbox 431 1628 1837 1700; baseline -0.004 -17"><span class='ocrx_word' id='word_1_137' title='bbox 431 1630 593 1700; x_wconf 84' lang='lat' dir='ltr'>egiffe</span> <span class='ocrx_word' id='word_1_138' title='bbox 616 1634 818 1683; x_wconf 87' lang='lat' dir='ltr'>malunt</span> <span class='ocrx_word' id='word_1_139' title='bbox 848 1629 1008 1700; x_wconf 77' lang='lat' dir='ltr'>quam</span> <span class='ocrx_word' id='word_1_140' title='bbox 1043 1645 1197 1699; x_wconf 87' lang='lat' dir='ltr'>agere</span> <span class='ocrx_word' id='word_1_141' title='bbox 1217 1646 1236 1688; x_wconf 89' lang='lat'>·,</span> <span class='ocrx_word' id='word_1_142' title='bbox 1262 1629 1315 1679; x_wconf 69' lang='grc' dir='ltr'>ὃ(</span> <span class='ocrx_word' id='word_1_143' title='bbox 1334 1629 1428 1697; x_wconf 77' lang='lat' dir='ltr'>qui</span> <span class='ocrx_word' id='word_1_144' title='bbox 1448 1630 1691 1691; x_wconf 85' lang='lat' dir='ltr'>audiunt,</span> <span class='ocrx_word' id='word_1_145' title='bbox 1716 1628 1837 1678; x_wconf 81' lang='lat' dir='ltr'>finire</span> 
     </span>
     <span class='ocr_line' id='line_1_19' title="bbox 425 1701 1834 1774; baseline -0.004 -18"><span class='ocrx_word' id='word_1_146' title='bbox 425 1703 592 1774; x_wconf 72' lang='lat' dir='ltr'>&#39;quam</span> <span class='ocrx_word' id='word_1_147' title='bbox 623 1704 851 1768; x_wconf 83' lang='lat' dir='ltr'>judicare</span> <span class='ocrx_word' id='word_1_148' title='bbox 875 1724 888 1757; x_wconf 74' lang='grc' dir='ltr'><strong><em>ε</em></strong></span> <span class='ocrx_word' id='word_1_149' title='bbox 919 1713 1063 1755; x_wconf 86' lang='lat' dir='ltr'>tanta</span> <span class='ocrx_word' id='word_1_150' title='bbox 1085 1702 1413 1772; x_wconf 83' lang='lat' dir='ltr'>negligentia</span> <span class='ocrx_word' id='word_1_151' title='bbox 1430 1742 1445 1767; x_wconf 87' lang='lat'>,</span> <span class='ocrx_word' id='word_1_152' title='bbox 1474 1701 1620 1754; x_wconf 60' lang='lat' dir='ltr'>rania</span> <span class='ocrx_word' id='word_1_153' title='bbox 1643 1701 1834 1762; x_wconf 86' lang='lat' dir='ltr'>desidia,</span> 
     </span>
     <span class='ocr_line' id='line_1_20' title="bbox 431 1774 1835 1847; baseline -0.003 -19"><span class='ocrx_word' id='word_1_154' title='bbox 431 1791 578 1829; x_wconf 86' lang='lat' dir='ltr'>tanta</span> <span class='ocrx_word' id='word_1_155' title='bbox 625 1778 854 1847; x_wconf 85' lang='lat' dir='ltr'>denique</span> <span class='ocrx_word' id='word_1_156' title='bbox 898 1775 1246 1829; x_wconf 86' lang='lat' dir='ltr'>irreverentia</span> <span class='ocrx_word' id='word_1_157' title='bbox 1284 1774 1577 1829; x_wconf 88' lang='lat' dir='ltr'>studiorum</span> <span class='ocrx_word' id='word_1_158' title='bbox 1619 1775 1835 1844; x_wconf 84' lang='lat' dir='ltr'>periculo·</span> 
     </span>
     <span class='ocr_line' id='line_1_21' title="bbox 431 1846 1835 1920; baseline -0.002 -18"><span class='ocrx_word' id='word_1_159' title='bbox 431 1868 657 1920; x_wconf 83' lang='lat' dir='ltr'>rumque</span> <span class='ocrx_word' id='word_1_160' title='bbox 692 1850 782 1905; x_wconf 90' lang='lat' dir='ltr'>est.</span> <span class='ocrx_word' id='word_1_161' title='bbox 827 1853 912 1904; x_wconf 85' lang='lat' dir='ltr'>An</span> <span class='ocrx_word' id='word_1_162' title='bbox 933 1868 1036 1904; x_wconf 87' lang='lat' dir='ltr'>nos</span> <span class='ocrx_word' id='word_1_163' title='bbox 1060 1848 1412 1918; x_wconf 86' lang='lat' dir='ltr'>sapientiores</span> <span class='ocrx_word' id='word_1_164' title='bbox 1446 1847 1728 1915; x_wconf 75' lang='lat' dir='ltr'>maioribus</span> <span class='ocrx_word' id='word_1_165' title='bbox 1748 1846 1835 1900; x_wconf 88' lang='lat' dir='ltr'>nos-</span> 
     </span>
     <span class='ocr_line' id='line_1_22' title="bbox 429 1923 1834 1994; baseline -0.004 -18"><span class='ocrx_word' id='word_1_166' title='bbox 429 1924 530 1976; x_wconf 78' lang='lat' dir='ltr'>‘tris</span> <span class='ocrx_word' id='word_1_167' title='bbox 551 1928 572 1978; x_wconf 72' lang='grc' dir='ltr'><strong><em>ἓ</em></strong></span> <span class='ocrx_word' id='word_1_168' title='bbox 610 1941 710 1977; x_wconf 90' lang='lat' dir='ltr'>nos</span> <span class='ocrx_word' id='word_1_169' title='bbox 735 1925 940 1994; x_wconf 87' lang='lat' dir='ltr'>legibus</span> <span class='ocrx_word' id='word_1_170' title='bbox 965 1924 1101 1992; x_wconf 90' lang='lat' dir='ltr'>ipsis</span> <span class='ocrx_word' id='word_1_171' title='bbox 1125 1923 1365 1984; x_wconf 85' lang='lat' dir='ltr'>iustiores</span> <span class='ocrx_word' id='word_1_172' title='bbox 1386 1962 1402 1986; x_wconf 85' lang='lat'>‚</span> <span class='ocrx_word' id='word_1_173' title='bbox 1435 1940 1552 1992; x_wconf 80' lang='lat' dir='ltr'>quae</span> <span class='ocrx_word' id='word_1_174' title='bbox 1574 1939 1656 1975; x_wconf 91' lang='lat' dir='ltr'>tot</span> <span class='ocrx_word' id='word_1_175' title='bbox 1675 1925 1834 1983; x_wconf 83' lang='lat' dir='ltr'>horas,</span> 
     </span>
     <span class='ocr_line' id='line_1_23' title="bbox 431 1995 1834 2066; baseline -0.002 -18"><span class='ocrx_word' id='word_1_176' title='bbox 431 2011 518 2049; x_wconf 89' lang='lat' dir='ltr'>tot</span> <span class='ocrx_word' id='word_1_177' title='bbox 553 1999 665 2061; x_wconf 86' lang='lat' dir='ltr'>dies</span> <span class='ocrx_word' id='word_1_178' title='bbox 687 2036 705 2061; x_wconf 84' lang='lat'><strong>‚</strong></span> <span class='ocrx_word' id='word_1_179' title='bbox 754 2013 839 2050; x_wconf 89' lang='lat' dir='ltr'>tot</span> <span class='ocrx_word' id='word_1_180' title='bbox 891 1996 1482 2066; x_wconf 87' lang='lat' dir='ltr'>comperendinationes</span> <span class='ocrx_word' id='word_1_181' title='bbox 1526 1995 1834 2066; x_wconf 78' lang='lat' dir='ltr'>largiuntur?</span> 
     </span>
    </p>
   </div>
   <div class='ocr_carea' id='block_1_13' title="bbox 433 2070 1877 2141">
    <p class='ocr_par' dir='ltr' id='par_1_13' title="bbox 433 2070 1877 2141">
     <span class='ocr_line' id='line_1_24' title="bbox 433 2070 1877 2141; baseline -0.003 -19"><span class='ocrx_word' id='word_1_182' title='bbox 433 2071 666 2124; x_wconf 87' lang='lat' dir='ltr'>Hebetes</span> <span class='ocrx_word' id='word_1_183' title='bbox 703 2071 783 2123; x_wconf 87' lang='lat' dir='ltr'>illi</span> <span class='ocrx_word' id='word_1_184' title='bbox 826 2073 879 2123; x_wconf 78' lang='grc' dir='ltr'>δε</span> <span class='ocrx_word' id='word_1_185' title='bbox 915 2071 1070 2141; x_wconf 86' lang='lat' dir='ltr'>supra</span> <span class='ocrx_word' id='word_1_186' title='bbox 1109 2072 1327 2124; x_wconf 88' lang='lat' dir='ltr'>modum</span> <span class='ocrx_word' id='word_1_187' title='bbox 1363 2070 1539 2123; x_wconf 74' lang='lat' dir='ltr'>tardi?</span> <span class='ocrx_word' id='word_1_188' title='bbox 1585 2072 1696 2122; x_wconf 86' lang='lat' dir='ltr'>Nos</span> <span class='ocrx_word' id='word_1_189' title='bbox 1723 2084 1835 2136; x_wconf 80' lang='lat' dir='ltr'>aper·</span> <span class='ocrx_word' id='word_1_190' title='bbox 1876 2088 1877 2107; x_wconf 68' lang='lat'><em>÷</em></span> 
     </span>
    </p>
   </div>
   <div class='ocr_carea' id='block_1_14' title="bbox 425 2139 1835 2433">
    <p class='ocr_par' dir='ltr' id='par_1_14' title="bbox 425 2139 1835 2433">
     <span class='ocr_line' id='line_1_25' title="bbox 429 2139 1833 2214; baseline -0.003 -19"><span class='ocrx_word' id='word_1_191' title='bbox 429 2143 540 2196; x_wconf 78' lang='lat' dir='ltr'>tius</span> <span class='ocrx_word' id='word_1_192' title='bbox 572 2144 799 2197; x_wconf 86' lang='lat' dir='ltr'>dicimus</span> <span class='ocrx_word' id='word_1_193' title='bbox 825 2184 840 2208; x_wconf 85' lang='lat'>‚</span> <span class='ocrx_word' id='word_1_194' title='bbox 879 2144 1101 2197; x_wconf 77' lang='lat' dir='ltr'>celerius</span> <span class='ocrx_word' id='word_1_195' title='bbox 1141 2143 1494 2214; x_wconf 85' lang='lat' dir='ltr'>intelligimus</span> <span class='ocrx_word' id='word_1_196' title='bbox 1512 2183 1531 2208; x_wconf 84' lang='lat'>,</span> <span class='ocrx_word' id='word_1_197' title='bbox 1571 2139 1833 2213; x_wconf 67' lang='lat' dir='ltr'>religiosius</span> 
     </span>
     <span class='ocr_line' id='line_1_26' title="bbox 431 2212 1835 2288; baseline -0.001 -21"><span class='ocrx_word' id='word_1_198' title='bbox 431 2215 723 2283; x_wconf 81' lang='lat' dir='ltr'>judicamus</span> <span class='ocrx_word' id='word_1_199' title='bbox 750 2257 765 2280; x_wconf 88' lang='lat'>,</span> <span class='ocrx_word' id='word_1_200' title='bbox 805 2217 928 2285; x_wconf 87' lang='lat' dir='ltr'>quia</span> <span class='ocrx_word' id='word_1_201' title='bbox 972 2217 1309 2286; x_wconf 85' lang='lat' dir='ltr'>paucioribus</span> <span class='ocrx_word' id='word_1_202' title='bbox 1358 2217 1650 2288; x_wconf 82' lang='lat' dir='ltr'>clepsydris</span> <span class='ocrx_word' id='word_1_203' title='bbox 1693 2212 1835 2284; x_wconf 83' lang='lat' dir='ltr'>praeci·</span> 
     </span>
     <span class='ocr_line' id='line_1_27' title="bbox 425 2285 1834 2360; baseline -0.002 -20"><span class='ocrx_word' id='word_1_204' title='bbox 425 2290 664 2358; x_wconf 83' lang='lat' dir='ltr'>-pitamus</span> <span class='ocrx_word' id='word_1_205' title='bbox 688 2292 867 2344; x_wconf 88' lang='lat' dir='ltr'>causas</span> <span class='ocrx_word' id='word_1_206' title='bbox 890 2329 904 2355; x_wconf 88' lang='lat'>‚</span> <span class='ocrx_word' id='word_1_207' title='bbox 931 2289 1091 2359; x_wconf 74' lang='lat' dir='ltr'>quam</span> <span class='ocrx_word' id='word_1_208' title='bbox 1113 2285 1295 2344; x_wconf 85' lang='lat' dir='ltr'>diebus</span> <span class='ocrx_word' id='word_1_209' title='bbox 1319 2291 1578 2360; x_wconf 82' lang='lat' dir='ltr'>explicari</span> <span class='ocrx_word' id='word_1_210' title='bbox 1597 2288 1834 2344; x_wconf 78' lang='lat' dir='ltr'>solebant?</span> 
     </span>
     <span class='ocr_line' id='line_1_28' title="bbox 434 2360 1835 2433; baseline -0.003 -18"><span class='ocrx_word' id='word_1_211' title='bbox 434 2362 490 2414; x_wconf 88' lang='lat' dir='ltr'>O</span> <span class='ocrx_word' id='word_1_212' title='bbox 529 2364 730 2432; x_wconf 89' lang='lat' dir='ltr'>Regule</span> <span class='ocrx_word' id='word_1_213' title='bbox 751 2403 766 2427; x_wconf 88' lang='lat'>,</span> <span class='ocrx_word' id='word_1_214' title='bbox 806 2365 900 2433; x_wconf 89' lang='lat' dir='ltr'>qui</span> <span class='ocrx_word' id='word_1_215' title='bbox 932 2365 1225 2417; x_wconf 86' lang='lat' dir='ltr'>ambitione</span> <span class='ocrx_word' id='word_1_216' title='bbox 1274 2367 1336 2417; x_wconf 90' lang='lat' dir='ltr'>ab</span> <span class='ocrx_word' id='word_1_217' title='bbox 1376 2366 1628 2417; x_wconf 88' lang='lat' dir='ltr'>omnibus</span> <span class='ocrx_word' id='word_1_218' title='bbox 1667 2360 1835 2415; x_wconf 80' lang='lat' dir='ltr'>obtine·</span> 
     </span>
    </p>
   </div>
   <div class='ocr_carea' id='block_1_15' title="bbox 425 2435 1877 2580">
    <p class='ocr_par' dir='ltr' id='par_1_15' title="bbox 425 2435 1877 2580">
     <span class='ocr_line' id='line_1_29' title="bbox 425 2435 1877 2507; baseline -0.002 -20"><span class='ocrx_word' id='word_1_219' title='bbox 425 2436 522 2488; x_wconf 77' lang='lat' dir='ltr'>bas</span> <span class='ocrx_word' id='word_1_220' title='bbox 544 2475 558 2500; x_wconf 89' lang='lat'><strong>‚</strong></span> <span class='ocrx_word' id='word_1_221' title='bbox 591 2440 734 2505; x_wconf 84' lang='lat' dir='ltr'>quod</span> <span class='ocrx_word' id='word_1_222' title='bbox 783 2437 909 2489; x_wconf 86' lang='lat' dir='ltr'>fidei</span> <span class='ocrx_word' id='word_1_223' title='bbox 943 2437 1253 2505; x_wconf 88' lang='lat' dir='ltr'>paucissimi</span> <span class='ocrx_word' id='word_1_224' title='bbox 1288 2437 1533 2506; x_wconf 72' lang='lat' dir='ltr'>praestant</span> <span class='ocrx_word' id='word_1_225' title='bbox 1560 2443 1572 2492; x_wconf 75' lang='grc' dir='ltr'>Ξ</span> <span class='ocrx_word' id='word_1_226' title='bbox 1618 2435 1833 2506; x_wconf 84' lang='lat' dir='ltr'>Equidem</span> <span class='ocrx_word' id='word_1_227' title='bbox 1876 2482 1877 2507; x_wconf 22' lang='lat' dir='ltr'><strong>i</strong></span> 
     </span>
     <span class='ocr_line' id='line_1_30' title="bbox 434 2509 1877 2580; baseline 0.001 -20"><span class='ocrx_word' id='word_1_228' title='bbox 434 2509 648 2577; x_wconf 87' lang='lat' dir='ltr'>quoties</span> <span class='ocrx_word' id='word_1_229' title='bbox 678 2509 893 2576; x_wconf 83' lang='lat' dir='ltr'>judico,</span> <span class='ocrx_word' id='word_1_230' title='bbox 927 2513 1073 2579; x_wconf 89' lang='lat' dir='ltr'>quod</span> <span class='ocrx_word' id='word_1_231' title='bbox 1105 2510 1293 2578; x_wconf 80' lang='lat' dir='ltr'>saepius</span> <span class='ocrx_word' id='word_1_232' title='bbox 1327 2510 1466 2563; x_wconf 84' lang='lat' dir='ltr'>facio</span> <span class='ocrx_word' id='word_1_233' title='bbox 1509 2511 1668 2580; x_wconf 74' lang='lat' dir='ltr'>quam</span> <span class='ocrx_word' id='word_1_234' title='bbox 1704 2509 1801 2560; x_wconf 89' lang='lat' dir='ltr'>dico</span> <span class='ocrx_word' id='word_1_235' title='bbox 1821 2543 1833 2566; x_wconf 80' lang='grc'><em>,</em></span> <span class='ocrx_word' id='word_1_236' title='bbox 1876 2552 1877 2561; x_wconf 71' lang='grc'>,</span> 
     </span>
    </p>
   </div>
   <div class='ocr_carea' id='block_1_16' title="bbox 432 2582 1833 2946">
    <p class='ocr_par' dir='ltr' id='par_1_16' title="bbox 432 2582 1833 2946">
     <span class='ocr_line' id='line_1_31' title="bbox 434 2582 1832 2657; baseline -0.002 -23"><span class='ocrx_word' id='word_1_237' title='bbox 434 2598 689 2657; x_wconf 79' lang='lat' dir='ltr'>quantum</span> <span class='ocrx_word' id='word_1_238' title='bbox 713 2583 832 2653; x_wconf 89' lang='lat' dir='ltr'>quis</span> <span class='ocrx_word' id='word_1_239' title='bbox 864 2583 1155 2651; x_wconf 72' lang='lat' dir='ltr'>plurimum</span> <span class='ocrx_word' id='word_1_240' title='bbox 1190 2583 1417 2652; x_wconf 87' lang='lat' dir='ltr'>postulat</span> <span class='ocrx_word' id='word_1_241' title='bbox 1449 2601 1598 2652; x_wconf 82' lang='lat' dir='ltr'>aquae</span> <span class='ocrx_word' id='word_1_242' title='bbox 1623 2586 1705 2636; x_wconf 77' lang='lat' dir='ltr'>do·</span> <span class='ocrx_word' id='word_1_243' title='bbox 1739 2582 1832 2632; x_wconf 89' lang='lat' dir='ltr'>Ete-</span> 
     </span>
     <span class='ocr_line' id='line_1_32' title="bbox 432 2655 1832 2726; baseline -0.001 -19"><span class='ocrx_word' id='word_1_244' title='bbox 432 2655 548 2708; x_wconf 83' lang='lat' dir='ltr'>nim</span> <span class='ocrx_word' id='word_1_245' title='bbox 583 2656 922 2709; x_wconf 84' lang='lat' dir='ltr'>temerarium</span> <span class='ocrx_word' id='word_1_246' title='bbox 974 2655 1224 2709; x_wconf 83' lang='lat' dir='ltr'>existimo</span> <span class='ocrx_word' id='word_1_247' title='bbox 1271 2657 1513 2708; x_wconf 86' lang='lat' dir='ltr'>divinare</span> <span class='ocrx_word' id='word_1_248' title='bbox 1552 2657 1706 2726; x_wconf 77' lang='lat' dir='ltr'>quam</span> <span class='ocrx_word' id='word_1_249' title='bbox 1742 2655 1832 2721; x_wconf 84' lang='lat' dir='ltr'>spa·</span> 
     </span>
     <span class='ocr_line' id='line_1_33' title="bbox 432 2726 1833 2799; baseline -0.002 -20"><span class='ocrx_word' id='word_1_250' title='bbox 432 2728 569 2782; x_wconf 87' lang='lat' dir='ltr'>tiosa</span> <span class='ocrx_word' id='word_1_251' title='bbox 622 2730 693 2782; x_wconf 87' lang='lat' dir='ltr'>sit</span> <span class='ocrx_word' id='word_1_252' title='bbox 752 2730 901 2781; x_wconf 85' lang='lat' dir='ltr'>causa</span> <span class='ocrx_word' id='word_1_253' title='bbox 948 2729 1182 2782; x_wconf 87' lang='lat' dir='ltr'>inaudita</span> <span class='ocrx_word' id='word_1_254' title='bbox 1221 2769 1236 2794; x_wconf 91' lang='lat'><strong>‚</strong></span> <span class='ocrx_word' id='word_1_255' title='bbox 1286 2731 1597 2799; x_wconf 76' lang='lat' dir='ltr'>tempusque</span> <span class='ocrx_word' id='word_1_256' title='bbox 1649 2726 1833 2798; x_wconf 82' lang='lat' dir='ltr'>negotio</span> 
     </span>
     <span class='ocr_line' id='line_1_34' title="bbox 433 2801 1832 2873; baseline -0.001 -21"><span class='ocrx_word' id='word_1_257' title='bbox 433 2801 593 2855; x_wconf 83' lang='lat' dir='ltr'>finire</span> <span class='ocrx_word' id='word_1_258' title='bbox 614 2843 630 2866; x_wconf 83' lang='lat'>,</span> <span class='ocrx_word' id='word_1_259' title='bbox 668 2802 815 2869; x_wconf 81' lang='lat' dir='ltr'>cujus</span> <span class='ocrx_word' id='word_1_260' title='bbox 852 2805 1073 2854; x_wconf 89' lang='lat' dir='ltr'>modum</span> <span class='ocrx_word' id='word_1_261' title='bbox 1106 2804 1358 2873; x_wconf 76' lang='lat' dir='ltr'>ignores-x</span> <span class='ocrx_word' id='word_1_262' title='bbox 1387 2804 1675 2872; x_wconf 76' lang='lat' dir='ltr'>pra-‚sertim</span> <span class='ocrx_word' id='word_1_263' title='bbox 1703 2813 1832 2870; x_wconf 84' lang='lat' dir='ltr'>quum</span> 
     </span>
     <span class='ocr_line' id='line_1_35' title="bbox 433 2875 1833 2946; baseline 0.004 -21"><span class='ocrx_word' id='word_1_264' title='bbox 433 2876 662 2943; x_wconf 82' lang='lat' dir='ltr'>primam</span> <span class='ocrx_word' id='word_1_265' title='bbox 693 2875 943 2945; x_wconf 85' lang='lat' dir='ltr'>religioni</span> <span class='ocrx_word' id='word_1_266' title='bbox 977 2876 1081 2928; x_wconf 80' lang='lat' dir='ltr'>suae</span> <span class='ocrx_word' id='word_1_267' title='bbox 1118 2876 1278 2942; x_wconf 80' lang='lat' dir='ltr'>iudex</span> <span class='ocrx_word' id='word_1_268' title='bbox 1308 2877 1616 2946; x_wconf 86' lang='lat' dir='ltr'>patientiam</span> <span class='ocrx_word' id='word_1_269' title='bbox 1647 2877 1833 2931; x_wconf 74' lang='lat' dir='ltr'>debeat,</span> 
     </span>
    </p>
   </div>
   <div class='ocr_carea' id='block_1_17' title="bbox 433 2940 1877 3022">
    <p class='ocr_par' dir='ltr' id='par_1_17' title="bbox 433 2940 1877 3022">
     <span class='ocr_line' id='line_1_36' title="bbox 433 2940 1877 3022; baseline -0.006 -19"><span class='ocrx_word' id='word_1_270' title='bbox 433 2964 555 3017; x_wconf 77' lang='lat' dir='ltr'>‹121ae</span> <span class='ocrx_word' id='word_1_271' title='bbox 593 2965 713 3018; x_wconf 85' lang='lat' dir='ltr'>pars</span> <span class='ocrx_word' id='word_1_272' title='bbox 750 2966 938 3021; x_wconf 82' lang='lat' dir='ltr'>magna</span> <span class='ocrx_word' id='word_1_273' title='bbox 963 2948 1177 3017; x_wconf 74' lang='lat' dir='ltr'>justitiae</span> <span class='ocrx_word' id='word_1_274' title='bbox 1211 2950 1303 3007; x_wconf 86' lang='lat' dir='ltr'>est.</span> <span class='ocrx_word' id='word_1_275' title='bbox 1342 2953 1414 3004; x_wconf 72' lang='lat' dir='ltr'>At</span> <span class='ocrx_word' id='word_1_276' title='bbox 1443 2953 1678 3022; x_wconf 63' lang='lat' dir='ltr'>quadam</span> <span class='ocrx_word' id='word_1_277' title='bbox 1694 2947 1837 3016; x_wconf 80' lang='lat' dir='ltr'>super·</span> <span class='ocrx_word' id='word_1_278' title='bbox 1876 2940 1877 2947; x_wconf 73' lang='grc'>’</span> 
     </span>
    </p>
   </div>
   <div class='ocr_carea' id='block_1_18' title="bbox 1875 903 1878 2153">
    <p class='ocr_par' dir='ltr' id='par_1_18' title="bbox 1875 903 1878 2153">
     <span class='ocr_line' id='line_1_37' title="bbox 1875 903 1878 2153; baseline 0 0"><span class='ocrx_word' id='word_1_279' title='bbox 1875 903 1878 2153; x_wconf 95' lang='lat' dir='ltr'> </span> 
     </span>
    </p>
   </div>
  </div>
 </body>
</html>
