1951 3720
386 310 522 406 386
674 309 1581 383 Pannorntcvs‘

379 450 441 487 ut
478 434 927 503 quemadmodum
968 434 1029 486 in
1062 434 1228 501 patris
1259 433 1403 488 filius
1424 473 1439 497 ‚
1476 433 1551 487 sic
1578 432 1631 486 in
1653 432 1782 487 here·

377 507 543 561 ditate
574 507 675 559 filii
710 523 860 576 pater
892 506 1019 559 effet
1047 508 1305 561 immunis
1324 547 1339 571 ‚
1365 525 1463 561 nec
1484 510 1661 560 eodem
1684 523 1782 559 mo·

377 598 570 635 mento
604 621 619 644 ,
662 598 771 650 quo
812 594 963 649 pater
1000 581 1102 633 effe
1141 580 1371 637 desiiffet
1408 621 1424 646 ,
1460 583 1562 634 hoc
1605 596 1784 649 quoque

376 654 649 707 amitteret
693 659 839 723 quod
885 655 1082 709 fuiffet.
1119 654 1346 724 Egregie
1378 694 1393 717 ‚
1436 655 1636 716 Caesan
1670 651 1784 721 quod

381 730 644 798 iacrymas
683 742 960 798 parentum
993 728 1287 797 vectigales
1328 727 1430 781 effe
1466 745 1575 781 non
1606 725 1784 795 pateris.

383 802 534 855 Bona
588 802 690 854 filii
734 816 884 870 pater
930 801 1049 854 sine
1096 802 1469 857 deminutione
1520 801 1787 870 possideat,

385 892 502 943 nec·
524 876 729 928 socium
763 875 1072 929 hereditatis
1103 876 1332 944 accipiat
1356 915 1372 937 ,
1402 874 1497 945 qui
1529 891 1635 928 non
1665 875 1789 927 habet

388 948 563 1017 Ιμᾶίιε
587 968 600 1001 x
626 949 792 1003 nemo
826 964 1094 1009 recentem
1136 950 1189 1003 &
1231 949 1518 1005 attonitam
1543 947 1787 1003 orbitatem

385 1024 452 1074 ad
510 1022 970 1090 computationem
1022 1037 1187 1075 vocet
1236 1062 1254 1088 ‚
1312 1038 1574 1093 cogatque
1624 1036 1788 1089 patrem

385 1095 516 1165 quid
556 1097 832 1164 reliquerit
868 1094 1013 1149 filius
1053 1096 1207 1149 scire.
1249 1097 1445 1166 Augen
1479 1098 1539 1149 Ρ.
1584 1097 1643 1148 C.
1669 1094 1788 1146 Ptin·

388 1169 526 1237 cipis
579 1186 772 1222 munus
810 1208 827 1234 ‚
874 1186 1040 1239 quum
1099 1169 1320 1222 ostendo
1373 1168 1669 1223 liberalitati
1705 1166 1789 1231 ejus

389 1241 556 1295 inesse
604 1243 888 1299 rationem.
929 1244 1172 1296 Ambitio
1221 1242 1367 1296 enim
1396 1283 1413 1309 ‚
1460 1245 1514 1297 δι
1553 1241 1788 1309 imitantia,

391 1317 447 1369 &
485 1315 681 1369 effusio
713 1356 729 1381 ,
772 1318 825 1368 ὅ(
872 1316 1086 1386 quidvis
1127 1317 1314 1387 potius
1352 1316 1514 1385 quium
1553 1316 1789 1371 liberalitas

390 1389 739 1442 existimanda
765 1389 841 1443 est
862 1429 877 1454 ,
899 1390 990 1443 cui
1029 1390 1168 1447 ratio
1206 1407 1320 1443 non
1357 1391 1577 1445 constat.
1597 1389 1790 1458 Dignum

389 1480 522 1534 ergo
552 1502 567 1526 ‚
608 1464 901 1532 imperator
924 1503 939 1527 ,
977 1465 1379 1517 mansuetudine
1419 1465 1514 1517 tui
1545 1503 1561 1528 ‚
1594 1462 1790 1515 minuere

392 1537 640 1590 orbitatis
671 1535 920 1609 riniurias
950 1572 974 1601 2,
1021 1554 1122 1592 nec
1174 1537 1289 1606 pati
1350 1554 1665 1607 quemquam
1703 1534 1790 1587 filio

392 1610 584 1663 amisso
629 1610 845 1681 insuper
891 1611 1026 1664 affici
1075 1612 1185 1665 alio
1231 1612 1440 1665 dolore.
1489 1612 1581 1665 Sic
1620 1623 1793 1678 quoque

393 1684 599 1737 abunde
641 1685 830 1738 misera
870 1702 955 1738 res
992 1683 1066 1737 est
1089 1723 1104 1747 ‚
1128 1700 1287 1753 pater·
1305 1682 1426 1737 filio
1467 1686 1607 1738 solus
1637 1686 1790 1736 heres:

396 1758 529 1827 quid
565 1757 613 1811 si
650 1759 965 1811 coheredem
1003 1775 1117 1810 non
1154 1775 1185 1810 a
1219 1757 1338 1811 filio
1376 1759 1651 1827 accipiat?
1684 1756 1794 1808 Adde

396 1829 543 1902 quod
575 1848 739 1900 quum
771 1832 927 1886 divus
959 1833 1142 1885 Nerva
1175 1830 1428 1886 sanxifl‘et
1447 1873 1465 1898 ,
1487 1847 1547 1885 ut
1574 1831 1630 1884 in
1659 1845 1793 1901 pater·

395 1907 483 1958 nis
522 1906 680 1958 bonis
719 1906 873 1959 liberi
902 1905 1220 1959 necessitate
1252 1906 1533 1959 vicesimae
1568 1907 1793 1959 solveren-

400 1992 520 2044 tur,
557 1996 857 2050 congruens
898 1995 1009 2032 erat
1045 1982 1283 2033 eamdem
1320 1979 1699 2033 immunitatem
1724 1992 1794 2045 pa·

332 2082 336 2085 ·
398 2068 575 2105 rentes
613 2053 670 2104 in
705 2053 996 2107 liberorum
1035 2052 1192 2110 bonis
1216 2053 1505 2110 ‘obtinet-e.
1550 2056 1652 2106 Cur
1684 2050 1793 2103 enim

396 2125 623 2195 posteris
667 2128 900 2197 amplior
938 2129 1117 2179 honor
1160 2125 1318 2195 quam
1358 2125 1645 2191 majoribus
1679 2124 1793 2176 habe·

396 2213 546 2252 retur
594 2202 616 2253 ἓ
680 2217 842 2253 curve
903 2216 1016 2252 non
1074 2215 1219 2253 retro
1283 2217 1503 2270 quoque
1555 2207 1794 2253 recurreret

396 2273 621 2340 aquitas
657 2275 842 2328 eadem
868 2276 888 2326 ἓ
925 2275 1011 2330 Tu
1048 2273 1264 2342 quidem
1285 2313 1299 2337 ‚
1324 2274 1536 2338 Caesar,
1571 2274 1699 2327 illam
1728 2283 1792 2321 ex·

353 2385 356 2390 .
397 2347 707 2416 ceptionem
751 2347 1028 2400 removisti
1051 2386 1067 2412 ,
1108 2348 1155 2399 si
1191 2347 1355 2400 modo
1390 2346 1540 2401 filius
1575 2348 1628 2400 in
1664 2339 1796 2414 potes·

399 2433 509 2473 tate
567 2418 732 2490 patris
786 2419 960 2475 fuifl'et
996 2461 1012 2485 ,
1067 2420 1292 2474 intuitus
1340 2422 1546 2489 opinor·
1594 2419 1696 2474 vim
1736 2417 1792 2468 le-

401 2510 631 2564 gemque
668 2509 868 2547 naturae
891 2534 907 2559 ,
932 2512 1050 2564 quae
1083 2496 1299 2565 semper·
1326 2495 1386 2547 in
1418 2495 1624 2549 ditione
1656 2503 1793 2560 paren·

397 2582 517 2631 tum
552 2566 655 2619 ess‘e
688 2567 1082 2633 liberos‚jussit
1102 2608 1117 2630 ‚
1151 2586 1249 2622 nec
1280 2568 1362 2621 uti
1397 2568 1543 2622 inter
1572 2566 1793 2638 pecudes,

396 2640 479 2700 sic
501 2641 641 2694 inter
658 2641 909 2696 homines
929 2642 1242 2713 potestatem
1274 2644 1345 2696 δε·
1357 2642 1640 2711 imperium
1658 2639 1793 2692 valeth

397 2714 626 2774 tioribus
658 2714 817 2768 dedit.
863 2735 866 2742 ·
1786 2731 1793 2740 ·

472 2788 735 2844 XXXIX.
761 2790 875 2846 Nec
905 2788 1042 2843 vero
1071 2804 1356 2846 contentus
1389 2789 1623 2859 primum
1639 2796 1793 2854 cogat*

393 2861 564 2917 tionis
618 2863 834 2934 graduin
884 2862 1141 2920 ahstuliffe
1194 2864 1468 2918 vicesimae
1509 2903 1526 2927 ‚
1559 2861 1792 2936 secunda}¹

397 2941 619 3008 quoqu!
648 2935 853 2995 exemit
891 2976 910 3004 ,
931 2938 1212 3011 ¹cavitque
1251 2953 1311 3008 ut
1349 2937 1410 2992 in
1444 2935 1641 2992 sororis
1673 2935 1793 2986 bom
