1951 3720
392 269 963 341 EpzsrozAE.
1005 271 1322 345 Lib.-1V.
1456 296 1591 371 129

157 374 461 458 „XXIX
515 394 845 448 Fuluus
885 396 1231 448 Romu-to
1273 408 1418 448 suo
1457 397 1515 454 S.

410 516 589 567 Monet
623 530 679 566 ut
710 517 774 565 ad
800 515 1110 584 judicandum
1134 522 1317 572 veniat.

154 597 320 693 ΕΙΑ
354 654 452 703 ru,
486 656 650 708 quum
673 639 923 709 proxime
959 658 1043 693 res
1076 657 1336 711 agentur,
1371 658 1594 730 quoquo

154 716 306 765 modo
358 714 426 765 ad
464 712 800 778 iudicandum
837 714 986 767 veni.
1038 715 1187 766 Nihil
1236 715 1309 769 est
1347 715 1491 783 quod
1535 719 1594 770 in

153 788 417 840 dexteram
454 804 635 839 aurem
669 786 861 839 fiducia
903 787 1011 839 mei
1043 787 1310 842 dormias:
1337 806 1450 841 non
1489 789 1596 842 im-

153 877 285 927 pune
338 859 580 914 ceffatur.
643 862 775 913 Ecce
823 860 1060 914 Licinius
1117 864 1300 930 Nepos
1349 878 1551 931 praetor
1573 904 1591 930 ‚

147 936 259 985 'acer
300 934 353 985 &
398 934 556 986 fortis
591 935 719 998 vir,
761 934 1010 987 muffiam
1048 935 1185 988 dixit
1228 936 1392 989 etiam
1437 938 1593 990 sena·

154 1007 266 1060 tori.
306 1007 431 1077 Egit
468 1009 558 1061 ille
596 1008 654 1060 in
684 1009 867 1061 senatu
896 1008 1102 1061 causam
1139 1010 1319 1069 suam·,
1355 1009 1466 1080 egit
1503 1028 1592 1064 au-

151 1093 251 1133 tem
284 1082 362 1133 sic
384 1120 400 1143 ,
437 1096 498 1133 ut
542 1083 926 1150 deprecaretur.
974 1081 1205 1134 Remifl‘a
1240 1082 1314 1136 est
1349 1083 1545 1137 mulera
1570 1101 1592 1146 ⁶,

153 1153 231 1206 sed
270 1154 455 1206 timuit
478 1194 494 1219 ,
533 1156 621 1207 sed
660 1156 905 1226 rogavit,
952 1157 1043 1208 sed
1085 1172 1223 1225 opus
1263 1157 1424 1209 venia
1466 1158 1592 1213 fuit.

145 1228 343 1281 Dices:
381 1231 514 1281 Non
543 1245 731 1283 omnes
767 1244 1024 1298 praetores
1051 1244 1157 1281 tam
1193 1230 1384 1283 severi.
1420 1232 1593 1283 Falle-

143 1301 234 1355 ris.
286 1304 429 1353 Nam
472 1304 563 1354 vel
606 1302 872 1357 instituere
908 1305 1000 1356 vel
1040 1304 1287 1356 reducere
1328 1302 1591 1367 ejusmodi

149 1378 451 1444 exemplum
479 1415 495 1439 ‚
527 1393 639 1430 non
663 1377 768 1430 nisi
797 1377 1009 1436 severi3
1043 1375 1338 1429 institutum
1360 1416 1376 1440 ‚
1405 1379 1591 1430 reduc-

121 1486 125 1488 *
152 1460 323 1502 tumve
360 1466 645 1515 exercere,
666 1451 828 1504 etiam
862 1449 1128 1503 lenissimi
1163 1450 1395 1521 pofi‘unt.
1431 1451 1595 1507 Vale.

296 1572 512 1627 XXX.
554 1567 882 1625 Pinnos
922 1572 1143 1625 SvRAE
1185 1587 1331 1625 suo
1370 1575 1429 1628 S.

251 1653 428 1724 Fonte}
470 1673 519 1722 in
563 1689 677 1741 agro
722 1669 938 1722 Comensi
964 1684 1138 1721 natura
1169 1668 1465 1738 describitur.

144 1753 162 1777 Υ

155 1760 404 1855 Αττυ
426 1810 498 1848 ιι
536 1795 634 1848 tibi
670 1812 742 1847 ex
769 1794 940 1864 patria
975 1811 1096 1847 mea
1133 1811 1235 1864 pro
1276 1794 1592 1850 munusculo

149 1871 492 1940 quaestionem
512 1910 528 1935 ,
563 1869 820 1923 altissima
856 1868 949 1921 ista
993 1869 1296 1922 eruditione
1337 1869 1593 1940 dignissi-

155 1961 300 2005 mam.
341 1947 489 1999 Fons
519 1943 692 1996 oritur
714 1943 771 1994 in
800 1957 987 2009 monte
1006 1982 1025 2007 ,
1054 1959 1151 2011 per
1181 1944 1306 1995 saxa
1328 1944 1592 2009 decurrit,

152 2019 409 2087 excipitur
446 2016 837 2070 coenatiuncula
868 2033 1029 2068 manu
1064 2016 1234 2071 facta:
1261 2015 1335 2068 ibi
1369 2018 1590 2086 paulum

151 2107 377 2145 retentus
415 2091 475 2143 in
520 2090 732 2142 Larium
767 2092 939 2142 lacum
977 2089 1190 2144 decidit.
1246 2089 1421 2155 Huius
1452 2091 1591 2144 mira

153 2180 324 2218 natura
358 2184 372 2218 ε
412 2180 496 2216 ter
536 2164 594 2215 in
630 2165 715 2216 die
737 2203 752 2227 ,
787 2162 931 2217 statis
979 2164 1215 2217 auctibus
1258 2181 1317 2217 ac
1352 2164 1593 2218 diminu-

152 2237 379 2292 tionibus
403 2237 590 2291 crescit
609 2237 982 2306 decrescitque.
1029 2237 1274 2290 Cernitur
1305 2238 1361 2291 id
1374 2242 1550 2308 palam
1572 2276 1592 2304 ‚

153 2311 200 2363 δι
230 2329 354 2365 curn
399 2312 606 2366 summa
634 2313 914 2380 voluptate
949 2311 1377 2380 deprehenditur.
1427 2310 1598 2368 Juxta.

151 2385 408 2438 recumbis
447 2387 499 2438 δι
534 2384 766 2438 vesceris
791 2402 809 2445 ·‚
844 2399 1003 2452 atque
1022 2384 1184 2436 etiam
1210 2402 1281 2437 ex
1299 2387 1417 2454 ipso
1436 2386 1594 2440 fonte

149 2457 171 2526 (
190 2476 308 2512 nam
328 2459 405 2511 est
421 2457 839 2529 frigidissimus)
863 2473 1019 2527 potas
1041 2478 1054 2511 :
1082 2458 1299 2512 interim
1319 2459 1410 2512 ille
1429 2459 1591 2513 certis

150 2533 503 2602 dimensisque
526 2531 820 2584 momentis
847 2533 937 2584 vel
977 2532 1292 2584 subtrahitur
1313 2535 1403 2585 vel
1428 2532 1594 2586 affur-

151 2605 238 2675 git.
271 2608 551 2658 Annulum
575 2646 590 2670 ,
625 2606 719 2659 seu
751 2605 879 2675 quid
918 2606 1063 2658 aliud
1083 2645 1098 2670 ,
1124 2605 1283 2674 ponis
1314 2606 1372 2658 in
1408 2606 1593 2660 sicco:

147 2680 360 2733 alluitur
381 2680 580 2732 sensim
605 2720 624 2743 ,
660 2697 718 2732 ac
742 2678 1049 2733 novissime
1068 2680 1311 2748 operitur
1335 2699 1350 2732 ε
1389 2679 1596 2749 detegi-

146 2767 225 2805 tur
237 2755 441 2816 rursus‚
454 2754 814 2823 paulatimque
833 2754 1117 2807 deseritur:
1138 2753 1185 2806 si
1204 2753 1400 2806 diutius
1425 2754 1600 2805 obsera

146 2841 237 2880 ves
261 2868 277 2892 ‚
314 2842 605 2897 utrumque
649 2827 842 2880 iterum
885 2845 945 2881 ac
979 2825 1141 2880 tertio
1169 2828 1374 2880 videas.
1425 2823 1599 2895 Spiri-

148 2901 296 2957 tusne
341 2901 535 2973 aliquis
567 2901 832 2958 occultior
863 2918 927 2956 os
949 2901 1117 2959 fontis
1151 2903 1204 2956 &
1232 2902 1408 3028 f}uces
1430 2897 1603 2954 modo

1331 2993 1369 3029 v
