1951 3720
371 175 1178 296 EPISTOLAE‘Lib.
1213 229 1350 299 VI.
1457 252 1591 322 177

138 346 243 400 lam
266 384 284 411 ‚
315 347 460 399 aliud
495 346 808 407 historiam;
845 348 992 402 aliud
1023 349 1199 406 amico
1232 389 1249 416 ‚
1290 350 1434 405 aliud
1468 368 1591 413 om-

139 421 292 474 nibus
324 421 572 474 scribere.
614 422 776 475 vale.

169 541 391 594 XVII.
432 541 760 592 Pul-uus
799 541 1266 595 Rtsrlruro
1310 557 1456 595 suo
1496 546 1550 601 S.

140 634 464 707 Indignatur
446 656 496 686 m
517 633 776 704 quosdam,
800 637 879 704 qui
901 638 1097 687 amicum
1118 672 1133 696 ,
1163 657 1278 706 opus
1293 639 1595 706 αόῙοΙιιείεεὶὴ

199 729 321 762 mum
337 711 655 767 recitantem,
671 706 826 777 surdis
840 707 1063 779 mutisque
1077 713 1249 763 similes
1267 715 1540 767 audierant.
1580 751 1591 757 -

144 822 1591 927 Iuorc.mirum-tcULAM,quamincuiusdam

142 932 293 984 amici
331 930 617 983 auditorio
652 929 812 998 cepi,
849 948 962 986 non
985 931 1192 1016 poffurn
1215 932 1348 984 mihi
1380 949 1590 1002 tempe·-

145 1022 283 1068 rare‚
306 1004 611 1073 quominus
635 1005 773 1072 apud
804 1020 855 1056 te
877 1005 1036 1073 ‚quia
1068 1022 1180 1056 non
1204 1007 1471 1076 contingit
1503 1023 1594 1059 co·

144 1095 285 1141 ram,
316 1094 419 1146 per
458 1076 739 1145 epistolam
771 1076 1060 1129 effundam
1098 1078 1434 1132 Recitabatur
1456 1081 1594 1132 liber

144 1150 609 1203 absolutissimus:
638 1150 779 1202 hunc
818 1153 924 1203 duo
980 1166 1069 1201 aut
1111 1165 1259 1213 tres,
1289 1167 1346 1202 ut
1385 1152 1490 1205 sibi
1535 1153 1591 1204 &

144 1224 315 1292 paucis
347 1223 613 1276 videntur
628 1262 643 1286 ‚
664 1223 844 1275 diserti
865 1263 879 1286 ,
905 1223 1072 1274 surdis
1098 1225 1360 1291 mutisque
1383 1224 1591 1278 similes

144 1298 444 1350 audiebant.
495 1298 626 1350 Non
659 1298 798 1349 labra
845 1297 1164 1348 diduxerunt
1184 1335 1199 1358 ‚
1239 1314 1349 1348 non
1398 1314 1592 1349 move-

145 1387 259 1422 runt
295 1386 526 1422 manum
549 1408 563 1433 ‚
596 1386 707 1421 non
731 1370 959 1437 denique
990 1368 1376 1422 affurrexerunt
1406 1371 1593 1422 saltem

132 1443 459 1496 'lassitudine
500 1443 729 1494 sedendi.
793 1445 926 1508 Quae
978 1458 1120 1493 tanta
1160 1443 1431 1511 gravitas?
1471 1461 1592 1512 quae

144 1529 283 1569 tanta
305 1515 611 1584 sapientia?
645 1533 757 1584 quae
779 1515 947 1566 immo
967 1515 1186 1583 pigritia
1206 1555 1220 1577 ‚
1252 1516 1552 1584 arrogantia
1576 1555 1594 1580 ‚

147 1589 462 1641 sinisteritas
485 1628 501 1651 ,
533 1589 612 1639 ‘ae
647 1589 827 1657 potitis
870 1588 1103 1639 amentia
1123 1626 1137 1649 ,
1182 1587 1239 1638 in
1280 1591 1389 1640 hoc
1416 1603 1594 1640 totum

146 1662 282 1715 diem
313 1663 670 1730 impendere,
682 1677 740 1712 ut
760 1660 997 1713 offendas
1013 1700 1027 1721 ,
1046 1675 1105 1711 ut
1120 1660 1400 1711 inimicum
1426 1660 1593 1711 relin-

147 1753 307 1804 quas,
343 1737 412 1787 ad
438 1751 598 1802 quern
632 1748 901 1802 tamquam
933 1732 1318 1785 amicissimum
1340 1733 1595 1787 veneris?

146 1809 422 1863 Disertior
443 1808 557 1877 ipse
576 1823 664 1860 es,
653 1811 673 1843 ²
692 1806 843 1879 tanto
869 1807 1037 1877 magis
1061 1824 1127 1858 ne
1153 1806 1444 1867 invideti33
1470 1823 1595 1858 nam

149 1884 238 1952 qui
255 1882 513 1943 invidet,
545 1881 725 1932 minor
748 1881 836 1935 est.
876 1880 1126 1948 Denique
1153 1880 1271 1932 sive
1296 1882 1455 1949 plus,
1477 1881 1599 1933 sive

149 1957 324 2009 minus
352 1996 368 2018 ‚
412 1955 531 2007 sive
568 1956 708 2006 idem
756 1953 1003 2022 praestas,
1044 1955 1194 2005 lauda
1232 1956 1323 2005 vel
1372 1952 1600 2007 inferio-

150 2046 257 2081 rem
279 2069 295 2092 ‚
334 2030 432 2083 vel
457 2028 787 2095 superiorem
811 2067 834 2090 ,
854 2029 943 2079 vel
967 2044 1168 2096 parem.
1211 2028 1555 2094 Superiorem
1582 2066 1605 2093 ‚

151 2104 271 2170 quia
305 2102 418 2152 nisi
440 2102 725 2152 laudandus
759 2101 848 2152 ille
885 2099 957 2152 est
983 2139 997 2162 ,
1033 2116 1153 2151 non
1176 2117 1331 2168 potes
1353 2100 1463 2168 ipse
1485 2104 1604 2152 lau-

149 2177 259 2226 dari
293 2194 311 2234 ·,
350 2173 664 2226 inferiorem
704 2190 792 2226 aut
825 2190 1007 2242 parem
1034 2214 1058 2236 ,
1094 2173 1220 2241 quia
1258 2175 1489 2241 pertinet
1535 2174 1603 2228 ad

149 2261 296 2301 tuam
312 2248 543 2318 gloriam
569 2245 728 2315 quarn
750 2248 1047 2299 maximum
1069 2245 1274 2310 videri,
1290 2265 1448 2315 quern
1463 2266 1607 2316 prae-

151 2322 294 2374 cedis
315 2322 413 2373 vel
444 2329 724 2387 exaequasq
749 2320 1007 2388 Equidem
1038 2336 1224 2372 omnes
1241 2358 1267 2381 e
1289 2322 1383 2388 qui
1402 2323 1605 2389 aliquid

152 2394 208 2446 in
221 2394 411 2447 studiis
424 2393 624 2445 faciunt
639 2432 653 2455 ,
671 2393 919 2445 venerari
939 2392 1101 2444 etiam
1122 2392 1409 2461 mirarique
1429 2395 1613 2448 soleo,

151 2467 233 2519 Est
253 2468 411 2521 enim
435 2484 519 2518 res
542 2466 767 2518 difficilis
789 2506 804 2529 ‚
839 2467 998 2519 ardua
1018 2505 1040 2528 ,
1072 2464 1360 2530 fastidiosa,
1400 2469 1451 2521 &
1489 2485 1613 2535 quat

150 2558 247 2596 eos
268 2582 283 2605 ,
308 2559 339 2593 a
365 2540 559 2608 quibus
598 2539 959 2591 contemnitur
981 2579 996 2603 ‚
1020 2538 1256 2590 invicem
1278 2556 1615 2594 contemnat.

152 2614 274 2666 Nisi
297 2612 444 2667 forte
478 2613 621 2664 aliud
649 2611 845 2676 judicas
868 2626 925 2663 tu
946 2631 972 2671 ·,,
1001 2629 1316 2680 quamquam
1353 2613 1471 2681 quis
1495 2630 1613 2665 uno

150 2703 205 2739 te
243 2686 587 2739 reverentior
604 2685 761 2746 huius
787 2684 967 2753 operis
991 2724 1010 2747 ‚
1034 2686 1152 2753 quis
1176 2685 1458 2753 benignior
1478 2684 1610 2736 aesti.

154 2763 380 2812 mator?
432 2759 553 2825 Qua
606 2759 814 2810 ratione
855 2757 1038 2810 dussus
1072 2798 1091 2822 ,
1122 2759 1220 2809 tibi
1262 2758 1614 2827 potissimum,

155 2831 594 2901 indignationem
628 2847 798 2882 meam
818 2832 1069 2898 prodidi,
1107 2848 1266 2902 quem
1287 2832 1478 2884 habere
1518 2832 1616 2883 so-

155 2905 309 2958 cium
333 2903 569 2958 maxime
600 2918 864 2972 poteram.
883 2905 1047 2959 Vale.
1336 2905 1441 2958 Hx<
