1951 3720
402 373 542 441 214
747 348 1007 418 CAIJ
1076 348 1507 418 PLINII

389 473 565 533 ferre}
597 470 874 542 multoque
916 471 1223 543 diligentius
1263 471 1473 525 muneri
1513 470 1610 526 suo
1645 473 1817 526 consu·

390 549 501 602 lere
526 588 542 613 ‚
586 565 743 617 quam
770 549 1121 600 facultatibus.
1169 548 1325 600 Vale.

489 668 1076 728 .X1x.Pr.1u1us
1117 669 1407 721 Patsco
1449 681 1598 721 suo
1634 670 1690 722 S.

459 767 613 837 Angit
645 766 859 817 Plenium
893 768 1118 817 valetudo
1158 767 1349 818 Fannia
1366 802 1384 822 ,
1423 784 1557 835 quam
1588 765 1757 818 merids

915 865 1134 914 laudibus
1163 864 1321 932 eff'ert.

389 949 481 1045 ’.Α
505 1001 659 1040 NGrr
697 1005 783 1041 me
813 987 1027 1040 Fanniae
1062 989 1335 1042 valetudo.
1384 985 1670 1040 Contraxit
1701 987 1820 1040 hanc

385 1063 510 1112 dum
543 1062 738 1114 assidet
768 1063 940 1116 Juniae
965 1063 1213 1132 Virgini,
1238 1063 1426 1130 sponte
1463 1061 1697 1130 primum
1718 1065 1738 1130 (
1761 1061 1819 1114 est

383 1136 531 1187 enim
563 1137 731 1189 affinis
758 1135 779 1201 )
815 1138 1002 1188 deinde
1045 1137 1208 1189 etiam
1245 1154 1315 1188 ex
1348 1136 1665 1188 auctoritate
1698 1152 1821 1204 pon-

384 1208 612 1264 tificum.
659 1212 797 1262 Nam
842 1209 1137 1280 Virgines,
1176 1228 1340 1280 quum
1383 1213 1445 1261 vi
1488 1208 1666 1261 morbi
1697 1210 1820 1262 atrio

383 1283 559 1336 Vestae
616 1302 879 1354 coguntur
926 1285 1180 1336 excedere
1217 1324 1232 1346 ‚
1289 1300 1651 1336 matronarum
1698 1285 1819 1337 cu'rae

381 1357 737 1428 'custodiaeque
786 1361 1114 1410 mandantur.
1187 1359 1316 1425 Quo
1369 1375 1589 1410 munere
1636 1358 1819 1411 Fannia

383 1433 509 1483 dum
547 1431 727 1485 sedulo
761 1433 1036 1501 fungitur,
1074 1434 1178 1484 hoc
1217 1432 1522 1485 discrimine
1565 1432 1819 1499 implicita

381 1504 472 1558 est.
519 1507 755 1558 Insident
784 1507 953 1558 febres
969 1546 985 1568 ‚
1009 1507 1170 1558 tussis
1195 1506 1440 1559 increscit
1461 1546 1475 1569 ‚
1497 1506 1705 1557 summa
1730 1523 1820 1558 ma·

380 1577 527 1644 cieS,
570 1581 772 1632 summa
812 1579 1082 1639 defer-“tim
1126 1581 1334 1632 animus
1373 1579 1579 1631 tantum
1623 1581 1679 1631 &
1721 1579 1816 1647 spi·

380 1651 513 1705 ritus
570 1654 718 1724 viget
750 1695 764 1718 ,
806 1654 1062 1705 Helvidio
1117 1653 1313 1706 marito
1339 1693 1354 1717 ‚
1396 1649 1625 1705 Thrasea
1680 1669 1817 1721 patre

379 1726 760 1796 dignissimus,
782 1728 985 1796 reliqua
1004 1730 1248 1780 labuntur
1268 1768 1284 1793 ,
1307 1746 1500 1796 meque
1524 1744 1658 1779 mon
1682 1742 1821 1779 metu

376 1802 614 1867 tantum,
650 1804 840 1855 verum
871 1803 1031 1855 etiam
1063 1805 1250 1855 dolore
1283 1799 1596 1855 conficiunt.
1641 1801 1817 1854 Doleo

374 1877 520 1927 enim
558 1878 847 1930 maximam
881 1878 1138 1931 feminam
1176 1877 1312 1946 eripi
1347 1877 1523 1930 oculis
1549 1875 1816 1942 civitatis,

374 1951 556 2003 nescio
593 1969 661 2003 an
700 1952 901 2020 aliquid
942 1952 1121 2004 simile
1166 1950 1380 2004 visuris.
1437 1952 1574 2018 Quae
1618 1950 1816 2003 castitas

373 2024 517 2077 illius
547 2029 560 2078 l
596 2042 712 2094 quae
759 2025 1038 2080 sanctitas!
1079 2042 1273 2094 quanta
1309 2025 1543 2096 gravitas
1573 2029 1584 2077 !
1627 2039 1817 2092 quanta

373 2098 663 2152 constantia
692 2104 703 2154 l
747 2100 837 2151 Bis
868 2100 1116 2151 maritum
1147 2100 1323 2152 secuta
1349 2100 1407 2151 in
1426 2098 1683 2152 exsilium
1707 2097 1781 2149 est
1800 2138 1813 2162 ,

371 2171 535 2225 tertio
557 2173 667 2240 ipsa
685 2189 905 2241 propter
927 2174 1177 2225 maritum
1209 2176 1454 2245 relegata.
1490 2175 1629 2225 Nam
1652 2188 1810 2240 quum

369 2246 596 2299 Senecio
620 2265 740 2299 reus
766 2247 922 2310 effer,
944 2246 1093 2316 quod
1132 2250 1194 2299 de
1229 2248 1343 2299 vita
1369 2246 1611 2299 Helvidii
1651 2246 1811 2298 libros

367 2321 780 2389 composuiss‘et3
805 2338 1156 2392 rogatumque
1180 2322 1233 2373 se
1265 2339 1293 2373 a
1324 2320 1521 2373 Fannia
1546 2323 1602 2371 in
1635 2320 1811 2372 defen-

365 2393 521 2446 sione
558 2394 797 2459 dixiss‘et,
840 2412 1108 2464 quaerente
1142 2395 1418 2447 minaciter
1451 2394 1632 2446 Metio
1674 2396 1811 2446 Caro

363 2485 426 2517 an
448 2469 649 2537 togaffet
674 2472 699 2517 ?
734 2470 1006 2537 respondit
1028 2510 1043 2533 ,
1080 2470 1327 2540 Rogavi:
1361 2489 1420 2520 an
1454 2470 1813 2519 commentati&

355 2540 596 2611 scripturo
630 2544 821 2611 dediffet
845 2547 871 2594 ?
907 2544 1086 2597 Dedi:
1122 2565 1181 2594 an
1211 2541 1391 2611 selerne
1430 2559 1578 2593 matre
1611 2544 1641 2593 ,⁹
1679 2542 1809 2593 Nes-

363 2616 559 2670 ciente.
596 2616 869 2671 Postremo
900 2621 1098 2670 nullam
1130 2635 1326 2670 vocem
1356 2618 1634 2670 cedentem
1664 2616 1809 2684 peri·

363 2694 490 2744 culo
538 2692 737 2744 emisit.
797 2692 949 2758 Quin
1003 2692 1164 2763 etiam
1205 2692 1331 2745 illos
1383 2691 1531 2759 ipsos
1582 2691 1754 2743 libros
1791 2729 1807 2754 ,

361 2780 681 2835 quamquam
733 2782 803 2818 ex
849 2767 1162 2819 necessitate
1215 2767 1267 2816 δε
1308 2781 1455 2817 metu
1499 2780 1806 2834 temporum

362 2840 593 2893 abolitos
629 2841 1082 2894 senatusconsulto
1103 2881 1118 2904 ‚
1152 2840 1430 2908 publicatis
1461 2838 1624 2890 bonis
1648 2878 1663 2901 ‚
1700 2838 1805 2890 ser·

357 2913 517 2965 <ravit
542 2954 557 2977 ‚
596 2914 779 2966 habuit
802 2956 817 2980 ‚
858 2916 1087 2983 tulitque
1111 2914 1171 2966 in
1194 2913 1447 2966 exsilium
1470 2911 1660 2964 exsilii
1682 2929 1803 2964 cau·

361 2988 490 3043 sam.
533 2990 725 3044 Eadem
751 2989 909 3061 quam
936 2989 1165 3057 jucunda
1184 3028 1199 3054 ,
1225 2987 1385 3059 quam
1415 2987 1589 3041 comis
1607 3026 1622 3051 ,
1647 2985 1803 3057 quam
