1951 3720
343 341 483 437 366
633 341 1484 414 ΡΑΝεσΥιιιευε

334 478 580 517 :arentur
602 501 620 528 ‚
658 460 910 516 muniunt
938 461 1327 532 dirimuntque.
1369 463 1472 517 Per
1499 461 1607 516 hoc
1626 473 1785 519 omne

334 537 568 607 spatium
625 554 791 608 quum
838 536 1088 608 legiones
1143 539 1363 591 duceres
1399 575 1416 602 ,
1462 537 1559 591 seu
1607 538 1787 606 potius

335 613 363 680 (
403 626 551 665 tanta
607 611 874 666 velocitas
924 626 1039 665 erat
1073 611 1098 678 )
1142 627 1357 680 raperes
1387 650 1410 677 ,
1467 627 1587 664 uon
1634 611 1787 664 vebi-

334 688 517 739 eulum
546 702 801 756 umquam
825 725 843 750 ,
882 702 997 740 non
1033 702 1235 755 equum
1274 685 1574 755 respexisti.
1626 685 1789 739 Levis

333 757 424 812 hic
446 799 461 824 ,
499 776 613 813 non
642 760 932 813 subsidium
966 758 1180 814 itineris
1203 799 1220 822 ‚
1242 760 1334 814 sed
1367 762 1527 813 decus
1546 798 1566 823 ‚
1593 758 1648 810 δι
1670 777 1788 814 cum

334 832 528 887 ceteris
561 833 969 903 subsequebatur
990 872 1008 897 ,
1042 848 1105 886 ut
1133 832 1284 898 cuius
1315 835 1492 886 nullus
1510 833 1615 886 tibi
1636 834 1788 897 usus,

336 905 446 959 nisi
483 923 652 977 quum
687 908 774 960 die
818 907 1136 961 stativorum
1174 907 1489 976 proximum
1544 922 1790 976 campum

335 980 649 1044 alacritate,
683 981 957 1044 discursu,
997 985 1220 1049 pulvere
1252 983 1547 1035 attolleres.
1571 981 1792 1034 Initium

333 1054 539 1109 laboris
575 1055 768 1118 miter,
793 1072 864 1109 an
896 1053 1101 1108 finem.
1087 1058 1111 1095 ²
1148 1057 1377 1108 multum
1404 1054 1478 1111 est
1507 1053 1661 1125 quod
1682 1071 1795 1123 pet

336 1127 625 1193 severam,
655 1129 778 1198 plus
808 1143 989 1182 tamen
1009 1127 1158 1197 quod
1182 1145 1298 1183 non
1328 1128 1557 1183 timuisti
1577 1145 1652 1182 ne
1676 1145 1794 1197 pet·

337 1200 580 1256 severare
615 1218 730 1255 non
770 1200 966 1271 posses.
1005 1203 1122 1256 Nec
1153 1202 1342 1256 dubito
1371 1203 1504 1273 quin
1541 1202 1673 1268 ille,
1706 1203 1795 1272 qui

337 1290 395 1330 te
425 1275 567 1329 inter
585 1275 677 1330 ina
701 1274 1006 1330 Germaniae
1035 1277 1175 1329 bella
1206 1277 1269 1329 ab
1287 1275 1562 1362 Hispania
1589 1277 1761 1345 usque
1777 1313 1797 1341 ,

338 1364 400 1404 ut
422 1348 819 1404 validissimum
850 1348 1164 1419 praesidium
1181 1349 1455 1403 exciverat
1474 1349 1625 1404 iners
1646 1349 1761 1418 ipse
1776 1384 1796 1413 ‚

337 1423 632 1494 alienisque
672 1423 960 1477 virtutibus
998 1439 1129 1477 tunc
1167 1441 1386 1494 quoque
1426 1423 1649 1477 invidus
1696 1422 1797 1475 im·

340 1513 558 1566 perator
587 1537 618 1563 ,ν
642 1515 808 1567 quum
850 1516 958 1567 ope
998 1515 1179 1552 earum
1229 1497 1492 1568 indigeret
1527 1537 1548 1563 ‚
1591 1511 1799 1550 tanum

339 1571 752 1628 tdmirationem
799 1572 926 1638 tui,
977 1589 1095 1625 non
1140 1571 1258 1626 sine
1308 1573 1543 1641 quodam
1594 1571 1799 1624 timore

342 1647 655 1715 conceperit
671 1659 697 1710 ‚⁴
720 1660 973 1716 ‹111³an
1008 1647 1100 1699 ine
1139 1645 1353 1717 genitus
1378 1647 1521 1700 Jove
1554 1644 1683 1714 post
1705 1645 1799 1698 sae-

339 1737 447 1774 vos
492 1722 701 1774 labores
728 1758 742 1784 ‚
779 1723 1012 1790 duraque
1054 1719 1283 1790 imperia
1333 1719 1452 1789 regi
1487 1719 1587 1772 suo
1638 1718 1798 1772 indo·

340 1794 508 1847 tuitus
556 1795 765 1864 semper
825 1793 1215 1864 indeseffusque
1267 1793 1524 1846 referebat
1564 1811 1580 1847 t
1632 1808 1801 1863 quum

341 1869 463 1922 aliis
501 1870 656 1937 super
680 1868 809 1922 alias
846 1868 1286 1937 expeditionibus
1317 1884 1542 1923 munere
1568 1867 1689 1923 alio
1717 1867 1800 1922 di·

344 1959 479 2012 gnus
513 1941 857 1996 invenireris.

317 2079 320 2080 ⁷
416 2015 547 2069 XV.
607 2017 877 2069 Tribunus
924 2009 1069 2069 vero
1122 2013 1565 2081 disiunctissimas
1631 2029 1798 2070 terras

278 2104 282 2107 ·
337 2089 544 2143 tenetis
575 2091 743 2143 adhuc
775 2090 927 2143 annis
960 2090 1072 2142 viri
1101 2088 1357 2143 firmitate
1387 2088 1656 2149 lustrast‘v,
1694 2090 1801 2153 jam

338 2175 471 2216 tunc
508 2169 876 2233 praemonente
924 2163 1143 2217 fortun-⁹1
1174 2202 1191 2227 ‚
1239 2177 1301 2215 ut
1347 2162 1438 2215 diu
1476 2164 1799 2231 penitusque

339 2236 702 2323 perdiscet-es,
738 2255 855 2307 quae
892 2254 1027 2289 mox
1063 2236 1355 2305 praecipere
1393 2237 1638 2291 deberes.
1689 2239 1799 2291 Ne·

344 2327 451 2378 que
483 2312 629 2364 enim
670 2309 999 2380 prospexifl‘e
1039 2310 1239 2375 castra,
1278 2311 1607 2380 brevemque
1652 2310 1799 2364 mili·

346 2384 480 2437 tiam
522 2385 673 2455 quasi
711 2383 952 2438 transiffe
991 2400 1317 2449 contentus,
1349 2384 1426 2437 ita
1461 2384 1617 2454 egisti
1640 2385 1805 2438 tribu-

321 2473 518 2523 »,num
559 2474 619 2512 ut
654 2457 756 2514 effe
803 2458 975 2512 statim
1011 2460 1121 2512 dux
1154 2456 1373 2528 pofl'es,
1410 2456 1663 2528 nihilque
1698 2458 1803 2511 dis·

345 2536 573 2586 cendum
616 2532 835 2586 haberes
872 2547 1119 2601 tempore
1166 2532 1415 2586 docendi.
1476 2530 1799 2603 Cognovisti

345 2624 444 2676 per
476 2606 732 2676 stipendia
766 2609 951 2660 decem
991 2623 1171 2661 mores
1202 2605 1442 2677 gentium
1463 2644 1480 2669 ‚
1511 2607 1800 2677 regionum

346 2680 483 2735 situs
516 2721 533 2746 ,
580 2681 1012 2750 opportunitates
1064 2682 1311 2733 locorum
1351 2698 1370 2739 ·,
1425 2680 1479 2732 &
1534 2680 1801 2733 diversam

346 2770 602 2823 aquarum
628 2754 860 2823 coelique
892 2754 1207 2822 temperiem
1228 2793 1242 2818 ,
1269 2768 1331 2806 ut
1351 2752 1559 2821 patrios
1588 2754 1799 2817 fontes,

346 2829 687 2899 patriumque
712 2828 859 2881 sidus
880 2828 1017 2881 ferre
1037 2826 1316 2880 consuesti.
1335 2826 1569 2893 Quoties
1593 2844 1766 2897 equos
1782 2861 1803 2891 2

350 2903 568 2971 quoties
619 2901 841 2955 emerita
897 2919 1043 2954 arma
1094 2900 1359 2955 mutasti?
1412 2900 1621 2953 Veniet
1672 2913 1797 2970 ergo

348 2988 562 3048 tempus
584 3016 601 3041 ‚
634 2992 745 3047 quo
783 2974 986 3046 posteri
1018 2974 1232 3043 visere,
1264 2974 1658 3046 visendumque
1676 2990 1801 3033 ‚tra-
