1951 3720
361 220 510 294 208
713 219 980 290 CA11
1042 218 1478 291 ΡιιΝιι

357 343 424 397 in
469 361 572 413 qua
609 343 799 413 praedia
850 343 981 407 ista,
1022 342 1208 412 scripsi
1256 343 1309 396 ei
1348 343 1579 397 vaenalia
1620 341 1798 401 fututass

361 419 474 471 Has
512 418 758 488 epistolas
796 420 1023 471 Hermes
1053 420 1176 470 tulit
1205 457 1219 482 ,
1254 418 1605 488 exigentique
1640 434 1698 471 ut
1718 420 1799 473 sta·

360 491 464 544 tim
502 493 811 560 portionem
870 509 1045 545 meam
1098 491 1199 545 sibi
1248 493 1512 545 addiceret
1550 531 1564 555 ‚
1620 494 1798 561 paruit.

361 565 532 618 Vides
566 566 723 635 quam
756 581 926 619 ratum
955 567 1148 618 habere
1172 566 1388 619 debeam
1411 606 1426 630 ‚
1468 568 1616 634 quod
1652 568 1798 620 liber·

361 651 449 691 tus
477 656 625 692 meus
659 640 793 693 meis
826 639 1065 693 moribus
1087 639 1268 708 gessit.
1302 638 1548 707 Superest
1571 654 1629 691 ut
1651 643 1798 692 cohe-

361 715 513 765 redes
546 730 702 782 aequo
739 715 923 767 animo
970 714 1143 774 ferant
1176 713 1459 782 separatim·
1502 730 1589 765 me
1625 714 1800 765 vendi.

362 785 493 837 diffe
518 824 534 850 ‚
571 789 718 855 quod
759 787 893 840 mihi
936 779 1089 839 licuit‘
1131 788 1360 839 omnino
1395 788 1649 840 vendere.
1702 789 1802 841 Nec

360 857 499 912 vero
544 875 811 930 coguntur
839 860 1042 913 imitari
1078 878 1259 914 meum
1301 864 1632 928 exemplum.
1687 862 1801 912 Non

361 931 510 984 enim
552 932 660 986 inis
698 936 880 987 eadem
916 951 1040 987 cum
1080 935 1314 987 Corellia
1358 933 1473 999 iura
1514 935 1653 986 sunt.
1697 934 1803 985 Pos-

362 1004 485 1058 sunt
512 1023 643 1076 ergo
682 1007 877 1061 intueri
897 1007 1188 1065 utilitatem
1218 1009 1395 1073 suam,
1416 1025 1518 1077 pro
1552 1024 1657 1080 qua
1687 1005 1802 1061 mihi

360 1077 469 1132 fuit
498 1080 755 1136 amicitia.
799 1082 961 1137 Vale.

474 1202 625 1258 XII.
670 1203 1004 1256 Fuluus
1043 1203 1420 1257 M1Nuc1o
1465 1216 1613 1257 suo
1655 1204 1710 1258 S·

400 1301 641 1355 Libellum
671 1321 702 1352 a
726 1300 783 1370 se
802 1301 1067 1370 formatum
1087 1301 1237 1353 mittit
1257 1335 1273 1363 ,
1315 1321 1400 1353 nec
1410 1302 1542 1370 J‘ocis
1565 1302 1779 1367 abstinet.

361 1414 451 1509 L
472 1465 755 1504 rantum
794 1451 1084 1503 formatum
1123 1468 1153 1504 a
1188 1468 1305 1515 me,
1341 1450 1482 1505 sicut
1522 1468 1802 1522 exegeras,

365 1546 478 1598 quo
508 1525 707 1578 amicus
739 1539 860 1577 tuus
885 1563 901 1589 ‚
939 1525 1114 1577 immo
1138 1525 1316 1577 noster
1337 1525 1358 1589 (
1381 1525 1511 1595 quid
1536 1527 1685 1578 enim
1710 1544 1805 1579 non

364 1616 654 1654 commune
698 1597 899 1651 nobis?
938 1599 960 1666 )
999 1598 1047 1650 si
1088 1616 1174 1652 res
1215 1597 1458 1667 posceret
1494 1638 1509 1663 ‚
1543 1614 1806 1664 uteretur,

368 1674 498 1729 misi
546 1672 645 1725 tibi
686 1673 812 1726 ideo
854 1671 1052 1724 tardius
1078 1712 1094 1736 ‚
1139 1690 1206 1725 ne
1255 1688 1467 1740 tempus
1509 1674 1808 1726 emendandi

367 1765 527 1810 eum,
565 1747 621 1797 id
660 1746 734 1799 est
760 1785 778 1809 ,
818 1745 1151 1813 disperdendi
1185 1747 1423 1799 habereS.
1466 1746 1700 1800 Habebis
1738 1762 1810 1800 ta-

365 1840 493 1877 men
515 1859 529 1884 ,
567 1837 635 1873 an
663 1818 977 1874 emendandi
1008 1818 1191 1872 nescio
1216 1858 1230 1884 ‚
1268 1820 1454 1890 utique
1490 1820 1810 1889 disperdendi

370 1899 561 1969 (ὖμέἶς
578 1893 680 1966 γὰρ
701 1895 1027 1972 nauffinna)
1067 1893 1114 1946 si
1155 1893 1361 1962 optima
1402 1912 1627 1963 quaeque
1660 1898 1810 1949 detra·

367 1977 535 2030 xeriS.
581 1976 745 2040 Quod
785 1973 834 2025 si
870 1974 1058 2029 feceris
1080 2013 1096 2037 ‚
1130 1975 1261 2027 boni
1294 1976 1587 2028 consulam.
1638 1974 1810 2027 Postea

369 2050 519 2103 enim
548 2048 657 2101 illis
696 2064 766 2100 ex
800 2047 974 2116 aliqua
1011 2048 1294 2102 occasione
1329 2065 1389 2102 ut
1420 2049 1554 2102 meis
1579 2063 1700 2101 utar
1721 2088 1735 2112 ,
1765 2049 1810 2100 δε

368 2121 633 2177 beneficio
685 2120 874 2173 fastidii
930 2120 1011 2172 tui
1065 2121 1177 2190 ipse
1215 2124 1466 2176 laudabor
1492 2162 1506 2186 ‚
1557 2138 1619 2174 ut
1662 2123 1718 2174 in
1751 2139 1809 2174 eo

372 2199 521 2267 quod
548 2209 861 2249 annotatum
882 2194 1128 2248 invenies
1145 2235 1161 2259 ‚
1193 2198 1246 2249 &
1269 2196 1424 2265 supra
1446 2196 1648 2265 scripto
1673 2196 1811 2248 aliter

368 2269 712 2339 explicitum.
749 2269 887 2320 Nam
920 2286 1085 2336 quum
1129 2269 1416 2338 suspicarer
1453 2271 1694 2323 futurum
1714 2309 1729 2333 ,
1760 2284 1811 2321 ut

369 2344 471 2396 tibi
508 2342 763 2396 tumidius
804 2342 1077 2395 videretur
1111 2383 1126 2407 ‚
1163 2346 1308 2412 quod
1339 2343 1412 2398 est
1450 2345 1730 2397 sonantius
1767 2344 1811 2395 δε

369 2417 562 2471 elatius
587 2456 602 2480 ‚
641 2434 754 2469 non
776 2417 1010 2469 alienum
1043 2416 1381 2482 existimavi,
1414 2436 1480 2471 ne
1516 2433 1571 2470 te
1605 2433 1808 2486 torque·

370 2509 457 2545 res
478 2531 496 2556 ,
532 2492 720 2543 addere
755 2490 928 2542 statim
959 2491 1205 2559 pressius?
1231 2492 1478 2560 quiddam
1505 2494 1560 2544 &
1591 2491 1809 2554 exilius,

372 2569 465 2619 vel
519 2565 703 2634 potius
753 2564 1008 2617 humilius
1052 2566 1105 2617 &
1156 2563 1307 2633 pejus
1344 2605 1359 2629 ‚
1413 2564 1594 2618 vestro
1648 2580 1811 2618 tamen

371 2637 577 2705 iudicio
602 2638 820 2691 restius.
843 2641 951 2692 Cur
970 2638 1244 2690 enimnon
1261 2638 1637 2708 usquequaque
1659 2637 1810 2691 tenui·

374 2726 542 2766 tatem
581 2711 808 2765 vestram
844 2712 1087 2780 insequar
1119 2714 1172 2765 &
1213 2714 1521 2784 exagitem?
1556 2714 1724 2776 Haec,
1761 2724 1810 2762 ut

377 2787 523 2839 inter
560 2786 679 2839 istas
716 2789 1095 2854 occupationes
1134 2786 1333 2854 aliquid
1363 2787 1652 2855 aliquando
1698 2786 1811 2837 ride·

373 2877 503 2929 res:
536 2860 669 2914 illud
703 2859 862 2918 serio.
901 2861 1043 2918 Vide
1073 2873 1139 2913 ut
1174 2861 1309 2914 mihi
1340 2861 1602 2915 viaticum
1642 2860 1813 2914 reddas
