1951 3720
347 327 831 400 TRAIANO
911 343 1327 400 Dreros,
1445 350 1584 429 405

128 462 224 503 tus
278 449 579 502 honoribus
632 449 686 502 δι
728 451 974 517 expictus
1006 489 1024 512 ‚
1072 451 1403 505 consulatum
1447 469 1594 506 recu·

129 522 256 576 fasti
290 563 306 587 ‚
348 540 507 593 quem
549 523 684 575 novi
730 523 1081 590 imperatores
1123 524 1435 577 destinatum
1471 526 1593 579 aliis

132 595 198 648 in
250 597 307 649 se
362 596 758 649 transferebant.
805 596 924 648 Fuit
965 597 1128 649 etiam
1168 600 1262 666 qui
1302 601 1360 649 in
1399 599 1594 666 princi·

127 670 297 740 patus
326 670 410 721 sui
439 670 547 722 fine
583 669 914 722 consulatum
941 708 957 732 ,
1001 687 1161 738 quem
1192 673 1400 724 dederat
1434 673 1545 739 ipse
1567 709 1588 737 ,

128 759 334 813 magna
370 759 441 796 ex
475 757 624 810 parte
660 742 766 807 jam
806 743 1007 811 gestum
1042 759 1387 813 extorqueret
1425 746 1478 797 &
1511 761 1594 796 raq

129 830 311 883 peret.
359 817 478 868 Hoc
517 833 648 886 ergo
683 818 891 879 honore
917 855 936 880 ‚
978 833 1136 884 quem
1170 818 1225 870 ὃ(
1269 817 1588 885 incipientes

129 888 419 957 Principes
475 890 528 940 &
571 889 873 942 desinentes
922 891 1057 941 adeo
1104 892 1484 958 concupiscunt
1525 906 1588 945 ut

130 961 382 1015 auferant
406 1002 421 1026 ‚
449 977 508 1014 tu
543 963 725 1015 otioso
761 979 822 1015 ac
861 977 1083 1015 vacante
1123 964 1348 1031 privatis
1383 963 1589 1020 ceffisti.

130 1035 518 1090 Invidiosusne
569 1050 682 1087 erat
732 1035 830 1087 tibi
875 1036 1064 1087 tertius
1110 1037 1410 1090 consulatus
1436 1076 1451 1101 ‚
1498 1052 1589 1090 aut

132 1107 383 1177 Principi
436 1108 641 1177 primus
679 1111 701 1161 ἓ
758 1110 896 1160 Nam
955 1109 1239 1163 secundum
1297 1110 1590 1178 imperator

134 1182 399 1250 quidem,
438 1182 530 1234 sub
566 1182 902 1249 imperatore.
924 1196 1104 1235 tamen
1134 1182 1316 1243 inisti,
1297 1201 1311 1213 ·
1347 1184 1591 1253 nihilque

134 1254 402 1324 imputari
433 1256 491 1307 in
519 1271 588 1307 eo
616 1257 708 1307 vel
740 1256 937 1307 honori
965 1255 1138 1324 potest
1172 1258 1263 1308 vel
1283 1262 1587 1341 exemplo,

134 1328 252 1381 nisi
291 1329 624 1397 obsequium.
681 1329 760 1381 Ita
803 1326 983 1392 vero,
1020 1346 1139 1397 quae
1189 1329 1379 1382 civitas
1428 1331 1588 1399 quin·

129 1390 341 1471 quies
383 1417 540 1470 atque
580 1401 743 1454 etiam
782 1403 957 1455 sexies
998 1403 1242 1456 consules
1271 1403 1450 1468 vidit,
1473 1421 1595 1461 non

129 1474 274 1535 *illos
311 1476 409 1543 qui
454 1475 757 1544 exspirante
808 1474 913 1539 jam
956 1477 1192 1539 libertate
1235 1493 1332 1544 per
1377 1478 1493 1529 vim
1529 1493 1590 1531 ac

136 1551 439 1603 tumultum
474 1550 829 1621 creabantur,
872 1548 962 1601 sed
990 1548 1190 1618 ‘quibus
1237 1550 1487 1618 sepositis
1534 1552 1591 1604 &

128 1622 448 1675 absentibus
494 1622 551 1674 in
595 1639 715 1674 rura
766 1622 856 1674 sua
899 1622 1200 1674 consulatus
1249 1623 1590 1685 ferebantur3

137 1694 207 1761 in
261 1696 363 1748 hac
414 1695 632 1748 civitate
684 1695 901 1748 tertium
949 1696 1280 1748 consulatum
1338 1695 1589 1766 Princeps

139 1767 362 1838 generis
406 1769 627 1824 humani
660 1782 721 1820 ut
753 1785 1081 1837 praegravem
1117 1767 1355 1822 recusasti
1389 1772 1410 1823 ἓ
1452 1771 1592 1822 Tan·

137 1839 278 1898 tone
331 1842 576 1914 papyriis
639 1841 800 1898 eriam
861 1844 916 1896 δι
970 1841 1213 1910 Quintiis
1265 1844 1592 1898 moderatior

138 1916 415 1987 Augustus
438 1956 455 1982 ‚
494 1919 547 1970 &
589 1917 764 1969 Cesar
786 1955 802 1980 ‚
836 1917 889 1968 &
929 1931 1079 1984 pater
1114 1917 1298 1984 patria:
1318 1919 1339 1980 ἓ
1363 1919 1434 1970 At
1464 1918 1591 1972 illos

138 1992 288 2059 resp.
327 1992 497 2043 ciebat
532 2009 547 2043 ε
580 1990 707 2059 quid
736 1992 757 2043 ἓ
793 2004 847 2042 te
884 2006 999 2042 non
1038 1992 1221 2043 eadem
1254 1991 1590 2059 respublica?

139 2080 264 2116 non
295 2065 505 2117 senatus
531 2066 554 2116 ἓ
579 2080 692 2116 non
715 2063 1021 2117 consulatus
1053 2064 1163 2132 ipse
1189 2102 1205 2127 ,
1236 2063 1329 2132 qui
1352 2065 1454 2119 sibi
1483 2064 1591 2118 tuis

140 2137 390 2189 humeris
429 2138 606 2193 attolli
641 2138 694 2189 δι
730 2137 1007 2207 augescere
1042 2137 1299 2202 videtur?
1592 2173 1595 2176 -
1632 2177 1636 2188 .

111 2247 114 2250 -
199 2211 421 2274 LVIII.
457 2212 586 2262 Non
620 2225 674 2264 te
715 2212 780 2262 ad
812 2210 1086 2277 exemplar
1124 2209 1238 2274 eius
1272 2227 1419 2264 voco
1442 2248 1460 2275 .
1497 2211 1595 2280 qui

140 2283 427 2339 continuis
472 2283 828 2337 consulatibus
888 2283 1083 2335 fecerat
1129 2285 1351 2353 longum
1401 2301 1593 2353 quern-

115 2360 271 2412 adam
297 2358 352 2410 &
376 2357 493 2410 sine
524 2357 824 2409 discrimine
856 2372 1054 2422 annun}
1078 2375 1092 2409 ε
1117 2357 1201 2409 his
1241 2372 1295 2410 te
1331 2359 1551 2413 confero
1571 2398 1590 2424 ,

143 2448 291 2502 quos
335 2445 542 2483 certum
591 2430 664 2482 est
701 2468 717 2492 ‚
762 2429 974 2498 quoties
1034 2430 1277 2483 consules
1337 2431 1550 2485 fuerunt
1574 2467 1599 2497 ,=

141 2521 267 2561 non
295 2502 744 2572 sibi·÷praestitiffe.
784 2504 905 2555 Erat
943 2502 1003 2555 in
1041 2502 1222 2556 senatu
1252 2518 1333 2557 ter
1362 2506 1590 2570 consul,

135 2591 320 2649 ‘quum
350 2592 413 2634 tu
443 2579 658 2630 tertium
693 2577 1025 2640 consulatum
1061 2577 1346 2631 recusabas.
1382 2578 1594 2631 Onero-

144 2653 269 2707 sum
293 2652 476 2718 nescio
511 2650 640 2720 quid
670 2651 1004 2703 verecundia
1026 2663 1130 2702 tuae
1167 2651 1450 2704 consensus
1474 2653 1595 2708 nos·-

144 2738 233 2784 ter.
272 2723 577 2788 indixerat
607 2740 669 2776 ut
701 2722 952 2792 Princeps
992 2723 1156 2776 toties
1196 2725 1379 2777 consul
1415 2724 1592 2790 effes,

146 2798 372 2869 quoties
392 2763 603 2855 senator
624 2813 766 2852 tuus,
792 2797 971 2849 Nimia
996 2796 1246 2850 modestia
1275 2797 1409 2851 istud
1428 2797 1593 2855 etiam

145 2874 397 2942 privatus
441 2870 735 2936 recusafi‘es.
785 2871 872 2924 An
919 2870 1210 2924 consularis
1252 2871 1361 2924 viri
1401 2871 1618 2924 trium-·

147 2946 430 3021 phalisque
485 2929 629 3000 filius
680 2961 846 3015 quum
891 2942 1055 3000 tertio
1106 2944 1289 2999 consul
1346 2960 1550 3022 creatur
1569 2983 1590 3011 ,
