1951 3720
236 877 326 964 C.
385 877 807 963 PLINII
868 867 1426 964 CAECILII

142 1036 658 1137 EPIST
715 1042 808 1137 O
864 1039 944 1134 L
998 1041 1221 1136 AR
1278 1042 1367 1136 U
1425 1042 1540 1136 M

302 1211 715 1272 LIBER
793 1207 1337 1271 PRIMUS.

222 1421 655 1484 Lunum
694 1422 1123 1475 Snrrrrro
1166 1435 1326 1475 suo
1364 1423 1423 1476 S.

253 1545 491 1614 Eptssolas
511 1541 622 1613 ficas
647 1545 742 1610 ejus
765 1546 953 1595 hortatu
974 1545 1198 1596 collekzas
1220 1545 1387 1597 mittit.

131 1627 588 1753 FREQUENTER
606 1689 847 1743 hortatus
870 1707 927 1742 es
948 1704 1009 1742 ut
1030 1687 1277 1759 epistolas
1293 1729 1309 1754 ‚
1333 1689 1381 1743 si
1404 1707 1534 1760 quas

130 1761 262 1828 paulo
294 1762 582 1816 accuratius
619 1761 932 1832 scripsiffem
955 1802 974 1826 ,
1014 1762 1324 1832 colligerem
1358 1764 1533 1831 publi-

128 1839 389 1907 caremque.
417 1835 665 1905 Collegi,
705 1853 817 1889 non
835 1836 1046 1889 servato
1066 1835 1323 1904 temporis
1345 1837 1534 1891 ordine

132 1907 324 1979 (neque
363 1909 515 1963 enim
548 1908 819 1961 historiam
861 1910 1247 1977 componebam
1281 1910 1303 1977 )
1345 1910 1433 1963 sed
1472 1910 1543 1963 ut*

128 1996 319 2052 queque
358 1983 419 2035 in
462 1997 647 2034 manus
685 1995 922 2035 venerat.
961 1980 1204 2049 Superest
1241 1995 1439 2036 utnec
1479 1997 1533 2036 te

85 2059 95 2071 ’
130 2055 353 2120 consilii,
397 2072 501 2108 nec
541 2071 628 2107 me
667 2053 927 2123 poeniteat
966 2054 1224 2124 obsequii.
1271 2053 1350 2107 Ira
1386 2056 1531 2108 enim

129 2123 204 2177 fiet
233 2144 286 2180 ut
311 2146 397 2181 eas
421 2168 438 2192 ‚
479 2145 595 2197 quae
627 2128 791 2179 adhuc
814 2127 1071 2197 'neglectae
1104 2127 1277 2193 jacent
1297 2167 1313 2191 ,
1352 2128 1531 2197 requi·

128 2213 217 2323 ξω
250 2220 265 2261 3
305 2202 355 2254 δι
404 2202 458 2254 si
495 2217 623 2269 quas
672 2199 918 2253 addidero
958 2237 974 2263 ,
1024 2216 1139 2254 non
1188 2200 1530 2270 supprimam.

172 2274 254 2327 ale.

243 2368 318 2421 11.
357 2366 697 2419 Pmnrus
730 2367 1100 2419 Ammineo
1144 2380 1289 2421 suo
1328 2368 1387 2423 S.

125 2492 370 2565 Promz’ffum
405 2503 555 2551 antea
590 2494 760 2619 Ιὶὂηιὲη
792 2496 982 2619 εἶΙιὶὂεε
1013 2498 1258 2568 legendum
1297 2498 1344 2550 6·
1378 2518 1534 2553 emen·

743 2588 802 2620 an
838 2588 930 2621 um.

128 2641 204 2763 Q
225 2706 265 2745 u
281 2708 302 2745 1
320 2705 360 2744 Α
391 2692 683 2745 tardiorem
714 2692 1002 2744 adventum
1034 2704 1186 2758 tuum
1217 2692 1488 2763 prospicio
1513 2735 1529 2759 ,

125 2761 286 2816 librum
323 2784 486 2835 quem
536 2763 802 2835 prioribus
854 2764 1090 2833 epistolis
1140 2766 1485 2833 promiseram
1514 2808 1531 2831 ‚

125 2836 340 2891 exhibeo.
383 2840 544 2890 Hunc
573 2854 709 2906 rogo
739 2854 810 2888 ex
841 2837 1219 2890 consuetudine
1249 2851 1337 2889 tua
1370 2841 1422 2893 &
1452 2843 1533 2893 le-

125 2922 194 2975 gas
212 2911 263 2961 &
284 2913 536 2964 emendes
561 2930 579 2971 ·‚
617 2909 684 2963 eo
708 2910 875 2979 magis
900 2949 917 2974 ,
951 2909 1095 2979 quod
1117 2910 1250 2964 nihil
1275 2912 1395 2965 ante
1419 2930 1534 2980 per-

122 2996 245 3051 tque
265 2986 460 3041 eodem
477 2983 601 3037 stilo
625 2982 882 3053 scripsifl‘e
897 2984 1109 3040 videor.
1128 2984 1361 3037 Tentavi
1386 2986 1531 3037 enim

1263 3055 1316 3112 A
