1951 3720
380 333 654 400 ΕΡῚε
686 346 1006 402 rotz.
1038 327 1344 404 Lib.1V.
1455 346 1579 429 ¹03

159 452 212 509 in
242 454 564 523 exemplaria
593 453 970 523 transcriptum
1004 454 1152 507 mine
1184 472 1279 523 per
1296 459 1596 510 totam-Ita-

159 530 276 582 liam
301 528 711 597 provinciasque
741 529 961 582 dimisit.
1001 530 1227 599 Scripsit
1262 531 1471 599 publice
1492 571 1507 594 ‚
1532 546 1594 584 ut

160 619 187 655 a
209 603 576 655 decurionibus
606 602 893 673 eligeretur
914 603 1292 656 vocalissimus
1313 604 1504 672 aliquis
1523 621 1594 657 ex

161 675 280 745 ipsis
302 715 317 739 ‚
340 676 436 745 qui
456 679 657 746 legeret
686 694 809 729 eum
829 679 1035 745 populo
1057 696 1073 732 ε
1105 677 1299 732 sacrum
1320 677 1409 732 est.
1445 679 1599 731 Hanc

161 749 241 802 ille
274 749 389 802 vim
423 751 445 818 (
472 751 560 816 seu
593 767 702 818 quo
734 750 843 802 alio
880 749 1100 803 nomine
1122 754 1364 805 vocanda
1399 751 1473 803 est
1511 752 1600 803 in-

161 823 321 875 tentio
353 823 624 892 quidquid
649 824 788 876 velis
824 823 1148 891 obtinendi)
1179 824 1225 876 si
1268 827 1332 877 ad
1379 825 1598 893 potiora

161 896 389 949 vertifl‘et
409 935 424 959 ,
446 911 702 965 quantum
720 896 852 947 boni
874 897 1076 949 efficere
1097 897 1349 966 potuiss‘et
1370 901 1390 951 ἓ
1417 916 1605 968 quam-

163 986 305 1037 quarn
325 970 511 1021 minor
528 970 617 1021 vis
635 970 792 1021 bonis
825 969 983 1039 quam
1008 972 1160 1023 malis
1183 971 1313 1023 inest
1333 990 1349 1030 3
1374 989 1433 1024 ac
1456 972 1599 1025 sicut

161 1040 351 1114 ἐμειδία
395 1046 488 1117 μὶν
527 1043 754 1119 Senio-&-
780 1085 802 1116 ‚
847 1043 1103 1121 λογισμὸς
1149 1039 1200 1103 ’i
1239 1045 1376 1105 ἔπινον
1419 1047 1556 1126 φέροι
1579 1086 1603 1119 ,

161 1120 226 1174 ita
254 1122 394 1176 reeta
431 1121 648 1192 ingenia
685 1122 920 1177 debilitat
954 1123 1275 1178 verecundia
1298 1163 1314 1189 ,
1350 1125 1602 1197 perversa

161 1194 433 1248 confirmat
464 1195 695 1252 audacia.
733 1193 996 1266 Exem'plo
1032 1196 1107 1267 est
1136 1197 1390 1270 Regulus.
1431 1199 1603 1251 Imbe-

159 1268 331 1322 cillum
388 1272 528 1322 latus
553 1310 569 1334 ,
618 1286 682 1323 os
726 1270 1002 1325 confusum
1027 1310 1044 1334 ‚
1081 1271 1323 1324 haefitans
1377 1270 1558 1342 lingua
1583 1311 1603 1339 ‚

160 1343 451 1397 tardissima
483 1342 733 1396 inventio
756 1383 772 1407 ‚
804 1342 1065 1398 memoria
1095 1345 1240 1396 nulla
1260 1362 1279 1404 ·,
1302 1344 1438 1400 nihil
1458 1342 1604 1397 deni-

163 1431 255 1484 que
289 1431 489 1485 praeter
512 1417 786 1488 ingenium
815 1416 1058 1469 insanum
1080 1436 1093 1471 2
1122 1418 1175 1470 δι
1195 1432 1377 1472 tamen
1404 1416 1472 1472 eo
1495 1417 1605 1471 im-

160 1490 406 1561 pudentia
430 1489 656 1559 ipsoque
687 1489 785 1544 illo
814 1491 995 1544 furore
1017 1491 1266 1559 pervenit
1290 1531 1306 1556 ,
1329 1489 1389 1546 ut
1419 1510 1450 1545 a
1478 1493 1604 1561 plu-.-

162 1562 301 1617 rimis
326 1579 515 1618 orator
535 1561 802 1618 habeatur.
838 1565 1023 1633 Itaque
1047 1563 1351 1620 Herennius
1374 1566 1603 1624 Senecio

163 1635 382 1691 mirifice
408 1636 637 1692 Catonis
674 1636 806 1692 illud
826 1639 890 1690 de
923 1653 1137 1692 oratore
1159 1638 1217 1691 in
1245 1640 1387 1691 hunc
1410 1658 1439 1692 e
1469 1656 1605 1695 con-

162 1709 317 1765 trario
352 1711 562 1764 vertit:
600 1712 785 1764 orator
815 1711 880 1775 est
910 1713 988 1764 vir
1015 1713 1165 1763 malus
1185 1747 1200 1772 ,
1235 1714 1422 1765 dicendi
1454 1714 1610 1782 impe·

163 1784 287 1842 ritus.
320 1786 453 1837 Non
488 1784 788 1840 mehercule
812 1779 947 1838 Cato
981 1784 1091 1857 ipse
1123 1800 1232 1840 tam
1259 1785 1394 1841 bene
1413 1803 1604 1845 verum

166 1874 428 1913 oratorem
450 1898 467 1925 ,
500 1857 659 1929 quam
690 1856 779 1912 hic
801 1857 1067 1931 Regulum
1090 1858 1373 1929 expressit.
1402 1859 1605 1915 Habes·
1676 1921 1679 1924 Α

164 1949 226 1985 ne
275 1951 387 2009 quo
444 1932 540 1985 tali
587 1931 838 2000 epistola
866 1951 1050 2003 parem
1093 1933 1317 2007 gratiam
1365 1935 1559 1988 referas
1582 1937 1606 1989 ἓ

164 2006 372 2072 Habes,
412 2005 462 2059 si
502 2005 769 2074 scripseris
804 2021 932 2061 num
962 2007 1155 2076 aliquis
1200 2007 1261 2060 in
1300 2006 1607 2077 municipio

165 2079 333 2133 vestro
383 2097 460 2133 ex
493 2079 756 2151 sodalibus
792 2079 927 2134 meis
957 2120 975 2144 ‚
1022 2098 1151 2135 num
1191 2080 1351 2137 etiam
1389 2080 1501 2154 ipse
1546 2095 1607 2151 tu

165 2152 297 2219 bunc
333 2152 639 2208 lufluosum
679 2153 872 2225 Reguli
906 2153 1102 2212 librum
1125 2193 1143 2216 .
1177 2168 1239 2207 ut
1278 2153 1563 2210 circulator
1584 2195 1605 2225 ,

166 2224 221 2280 in
235 2227 357 2282 foro
376 2227 573 2297 legeris
594 2266 609 2291 ,
635 2227 828 2305 ἰπάμς
850 2229 1052 2282 scilicet
1066 2267 1081 2293 ,
1108 2242 1169 2281 ut
1197 2228 1272 2281 ait
1293 2226 1608 2299 Demosthe·-

166 2321 255 2359 ¹²e⁵
277 2345 295 2371 ν
333 2302 422 2372 τὶν
461 2304 618 2383 Φυνῖιν
650 2346 672 2378 ,
721 2310 816 2372 καὶ
854 2303 1083 2380 γεγηθδς
1120 2314 1215 2369 καὶ
1262 2304 1611 2385 λκςυΓγίζων·

166 2385 247 2441 Est
282 2385 435 2441 enim
465 2388 576 2443 tam
613 2387 832 2457 ineptus
858 2428 875 2453 ,
915 2403 978 2441 ut
1014 2388 1177 2445 risum
1216 2389 1385 2458 magis
1429 2387 1605 2456 possit

168 2461 468 2529 exprimere
482 2500 498 2527 ,
519 2460 977 2531 qufim‘gemitum.
1004 2463 1197 2517 Credas
1220 2476 1333 2520 non
1350 2463 1413 2519 de
1435 2476 1605 2531 puero

168 2534 419 2605 [criptum
439 2575 460 2602 ,
498 2536 590 2593 fed
622 2553 655 2590 a
674 2553 880 2606 puero.
917 2537 1074 2594 Vale.

1246 3027 1386 3083 Eiv
