<?xml version="1.0" encoding="UTF-8"?>
<!DOCTYPE html PUBLIC "-//W3C//DTD XHTML 1.0 Transitional//EN"
    "http://www.w3.org/TR/xhtml1/DTD/xhtml1-transitional.dtd">
<html xmlns="http://www.w3.org/1999/xhtml" xml:lang="en" lang="en">
 <head>
  <title>
</title>
<meta http-equiv="Content-Type" content="text/html;charset=utf-8" />
  <meta name='ocr-system' content='tesseract 3.04.00' />
  <meta name='ocr-capabilities' content='ocr_page ocr_carea ocr_par ocr_line ocrx_word'/>
</head>
<body>
  <div class='ocr_page' id='page_1' title='image "./panegyricus00lallgoog_0313.png"; bbox 0 0 1951 3720; ppageno 0'>
   <div class='ocr_carea' id='block_1_1' title="bbox 297 297 1468 398">
    <p class='ocr_par' dir='ltr' id='par_1_1' title="bbox 297 297 1468 398">
     <span class='ocr_line' id='line_1_1' title="bbox 297 297 1468 398; baseline 0.005 -30"><span class='ocrx_word' id='word_1_1' title='bbox 297 299 851 372; x_wconf 74' lang='lat' dir='ltr'><strong><em>EPISTOLAE.</em></strong></span> <span class='ocrx_word' id='word_1_2' title='bbox 881 300 1029 371; x_wconf 89' lang='lat' dir='ltr'><strong>Lib.</strong></span> <span class='ocrx_word' id='word_1_3' title='bbox 1076 297 1211 372; x_wconf 89' lang='lat' dir='ltr'>IX.</span> <span class='ocrx_word' id='word_1_4' title='bbox 1338 300 1468 398; x_wconf 83' lang='lat'>285</span> 
     </span>
    </p>
   </div>
   <div class='ocr_carea' id='block_1_2' title="bbox 113 415 1481 854">
    <p class='ocr_par' dir='ltr' id='par_1_2' title="bbox 113 415 1481 854">
     <span class='ocr_line' id='line_1_2' title="bbox 113 415 1479 490; baseline 0.004 -19"><span class='ocrx_word' id='word_1_5' title='bbox 113 415 253 486; x_wconf 84' lang='lat' dir='ltr'>quibus</span> <span class='ocrx_word' id='word_1_6' title='bbox 286 422 446 473; x_wconf 84' lang='lat' dir='ltr'>nullus</span> <span class='ocrx_word' id='word_1_7' title='bbox 481 418 740 483; x_wconf 79' lang='lat' dir='ltr'>faciendi,</span> <span class='ocrx_word' id='word_1_8' title='bbox 778 439 894 490; x_wconf 83' lang='lat' dir='ltr'>quae</span> <span class='ocrx_word' id='word_1_9' title='bbox 924 422 1105 474; x_wconf 89' lang='lat' dir='ltr'>audire</span> <span class='ocrx_word' id='word_1_10' title='bbox 1141 422 1479 477; x_wconf 81' lang='lat' dir='ltr'>erubescunt.&#39;</span> 
     </span>
     <span class='ocr_line' id='line_1_3' title="bbox 113 492 1478 564; baseline 0.004 -23"><span class='ocrx_word' id='word_1_11' title='bbox 113 492 156 542; x_wconf 83' lang='lat' dir='ltr'>Et</span> <span class='ocrx_word' id='word_1_12' title='bbox 176 492 247 545; x_wconf 88' lang='lat' dir='ltr'>ille</span> <span class='ocrx_word' id='word_1_13' title='bbox 267 494 461 562; x_wconf 88' lang='lat' dir='ltr'>quidem</span> <span class='ocrx_word' id='word_1_14' title='bbox 496 494 737 562; x_wconf 75' lang='lat' dir='ltr'>praestitit</span> <span class='ocrx_word' id='word_1_15' title='bbox 761 497 906 564; x_wconf 89' lang='lat' dir='ltr'>quod</span> <span class='ocrx_word' id='word_1_16' title='bbox 927 497 1208 564; x_wconf 85' lang='lat' dir='ltr'>rogabatur</span> <span class='ocrx_word' id='word_1_17' title='bbox 1233 514 1246 548; x_wconf 78' lang='lat' dir='ltr'>z</span> <span class='ocrx_word' id='word_1_18' title='bbox 1274 497 1478 547; x_wconf 86' lang='lat' dir='ltr'>sinebat</span> 
     </span>
     <span class='ocr_line' id='line_1_4' title="bbox 113 562 1480 635; baseline 0.005 -22"><span class='ocrx_word' id='word_1_19' title='bbox 113 562 219 617; x_wconf 80' lang='lat' dir='ltr'>fides.</span> <span class='ocrx_word' id='word_1_20' title='bbox 265 567 406 618; x_wconf 89' lang='lat' dir='ltr'>Liber</span> <span class='ocrx_word' id='word_1_21' title='bbox 441 581 615 619; x_wconf 88' lang='lat' dir='ltr'>tamen</span> <span class='ocrx_word' id='word_1_22' title='bbox 637 607 652 632; x_wconf 91' lang='lat'>,</span> <span class='ocrx_word' id='word_1_23' title='bbox 697 583 758 619; x_wconf 90' lang='lat' dir='ltr'>ut</span> <span class='ocrx_word' id='word_1_24' title='bbox 793 567 989 620; x_wconf 56' lang='lat' dir='ltr'>factum</span> <span class='ocrx_word' id='word_1_25' title='bbox 1028 568 1199 635; x_wconf 83' lang='lat' dir='ltr'>ipsum</span> <span class='ocrx_word' id='word_1_26' title='bbox 1232 608 1245 631; x_wconf 89' lang='lat'>‚</span> <span class='ocrx_word' id='word_1_27' title='bbox 1296 582 1480 621; x_wconf 88' lang='lat' dir='ltr'>manet</span> 
     </span>
     <span class='ocr_line' id='line_1_5' title="bbox 113 637 1479 710; baseline 0.006 -24"><span class='ocrx_word' id='word_1_28' title='bbox 113 637 379 706; x_wconf 83' lang='lat' dir='ltr'>manebitque</span> <span class='ocrx_word' id='word_1_29' title='bbox 410 677 424 701; x_wconf 92' lang='lat'>‚</span> <span class='ocrx_word' id='word_1_30' title='bbox 474 642 781 710; x_wconf 86' lang='lat' dir='ltr'>legeturque</span> <span class='ocrx_word' id='word_1_31' title='bbox 830 640 1038 708; x_wconf 87' lang='lat' dir='ltr'>semper</span> <span class='ocrx_word' id='word_1_32' title='bbox 1078 640 1227 693; x_wconf 74' lang='lat' dir='ltr'>tanto</span> <span class='ocrx_word' id='word_1_33' title='bbox 1267 641 1436 710; x_wconf 86' lang='lat' dir='ltr'>magis</span> <span class='ocrx_word' id='word_1_34' title='bbox 1460 678 1479 704; x_wconf 88' lang='lat'>‚</span> 
     </span>
     <span class='ocr_line' id='line_1_6' title="bbox 114 708 1481 775; baseline 0.004 -15"><span class='ocrx_word' id='word_1_35' title='bbox 114 708 201 775; x_wconf 89' lang='lat' dir='ltr'>quia</span> <span class='ocrx_word' id='word_1_36' title='bbox 229 727 326 762; x_wconf 90' lang='lat' dir='ltr'>non</span> <span class='ocrx_word' id='word_1_37' title='bbox 362 711 543 765; x_wconf 87' lang='lat' dir='ltr'>statim.</span> <span class='ocrx_word' id='word_1_38' title='bbox 606 713 899 765; x_wconf 83' lang='lat' dir='ltr'>Incitantur</span> <span class='ocrx_word' id='word_1_39' title='bbox 934 714 1079 765; x_wconf 88' lang='lat' dir='ltr'>enim</span> <span class='ocrx_word' id='word_1_40' title='bbox 1115 713 1364 767; x_wconf 86' lang='lat' dir='ltr'>homines</span> <span class='ocrx_word' id='word_1_41' title='bbox 1413 715 1481 766; x_wconf 87' lang='lat' dir='ltr'>ad</span> 
     </span>
     <span class='ocr_line' id='line_1_7' title="bbox 113 784 1095 854; baseline 0.009 -23"><span class='ocrx_word' id='word_1_42' title='bbox 113 784 406 849; x_wconf 80' lang='lat' dir='ltr'>cognoscenda</span> <span class='ocrx_word' id='word_1_43' title='bbox 435 803 550 854; x_wconf 80' lang='lat' dir='ltr'>quae</span> <span class='ocrx_word' id='word_1_44' title='bbox 574 785 907 840; x_wconf 80' lang='lat' dir='ltr'>differuntur.</span> <span class='ocrx_word' id='word_1_45' title='bbox 938 788 1095 840; x_wconf 89' lang='lat' dir='ltr'>Vale.</span> 
     </span>
    </p>
   </div>
   <div class='ocr_carea' id='block_1_3' title="bbox 144 900 1445 1073">
    <p class='ocr_par' dir='ltr' id='par_1_3' title="bbox 144 900 1445 1073">
     <span class='ocr_line' id='line_1_8' title="bbox 144 900 1445 963; baseline 0.008 -11"><span class='ocrx_word' id='word_1_46' title='bbox 144 900 406 957; x_wconf 85' lang='lat' dir='ltr'>XXVIII.</span> <span class='ocrx_word' id='word_1_47' title='bbox 445 904 775 958; x_wconf 76' lang='lat' dir='ltr'>Pumus</span> <span class='ocrx_word' id='word_1_48' title='bbox 813 905 1163 957; x_wconf 70' lang='lat' dir='ltr'>RoMAno</span> <span class='ocrx_word' id='word_1_49' title='bbox 1200 919 1346 960; x_wconf 80' lang='lat' dir='ltr'>svo</span> <span class='ocrx_word' id='word_1_50' title='bbox 1387 908 1445 963; x_wconf 84' lang='lat' dir='ltr'>S.</span> 
     </span>
     <span class='ocr_line' id='line_1_9' title="bbox 165 996 1410 1073; baseline 0.005 -26"><span class='ocrx_word' id='word_1_51' title='bbox 165 996 297 1048; x_wconf 77' lang='lat' dir='ltr'>Tribus</span> <span class='ocrx_word' id='word_1_52' title='bbox 331 1001 530 1068; x_wconf 60' lang='lat' dir='ltr'>epistolis</span> <span class='ocrx_word' id='word_1_53' title='bbox 571 999 822 1068; x_wconf 79' lang='lat' dir='ltr'><em>respondet</em></span> <span class='ocrx_word' id='word_1_54' title='bbox 856 1017 873 1051; x_wconf 87' lang='grc'>.·</span> <span class='ocrx_word' id='word_1_55' title='bbox 910 1016 1123 1068; x_wconf 79' lang='lat' dir='ltr'>quartam</span> <span class='ocrx_word' id='word_1_56' title='bbox 1165 999 1220 1070; x_wconf 73' lang='grc' dir='ltr'>[ι</span> <span class='ocrx_word' id='word_1_57' title='bbox 1269 1019 1410 1073; x_wconf 79' lang='lat' dir='ltr'>negat</span> 
     </span>
    </p>
   </div>
   <div class='ocr_carea' id='block_1_4' title="bbox 636 1095 880 1166">
    <p class='ocr_par' dir='ltr' id='par_1_4' title="bbox 636 1095 880 1166">
     <span class='ocr_line' id='line_1_10' title="bbox 636 1095 880 1166; baseline 0.004 -19"><span class='ocrx_word' id='word_1_58' title='bbox 636 1095 880 1166; x_wconf 73' lang='lat' dir='ltr'>acceptffe.</span> 
     </span>
    </p>
   </div>
   <div class='ocr_carea' id='block_1_5' title="bbox 113 1178 1507 2971">
    <p class='ocr_par' dir='ltr' id='par_1_5' title="bbox 113 1178 1507 2971">
     <span class='ocr_line' id='line_1_11' title="bbox 117 1178 1485 1290; baseline 0.004 -21"><span class='ocrx_word' id='word_1_59' title='bbox 117 1178 166 1269; x_wconf 85' lang='lat' dir='ltr'>P</span> <span class='ocrx_word' id='word_1_60' title='bbox 179 1229 290 1271; x_wconf 71' lang='lat' dir='ltr'>ost</span> <span class='ocrx_word' id='word_1_61' title='bbox 312 1221 524 1290; x_wconf 86' lang='lat' dir='ltr'>longum</span> <span class='ocrx_word' id='word_1_62' title='bbox 546 1233 756 1288; x_wconf 86' lang='lat' dir='ltr'>tempus</span> <span class='ocrx_word' id='word_1_63' title='bbox 793 1218 1042 1288; x_wconf 87' lang='lat' dir='ltr'>epistolas</span> <span class='ocrx_word' id='word_1_64' title='bbox 1082 1232 1228 1283; x_wconf 84' lang='lat' dir='ltr'>tuas,</span> <span class='ocrx_word' id='word_1_65' title='bbox 1261 1220 1349 1273; x_wconf 88' lang='lat' dir='ltr'>sed</span> <span class='ocrx_word' id='word_1_66' title='bbox 1377 1234 1485 1275; x_wconf 76' lang='lat' dir='ltr'>tres</span> 
     </span>
     <span class='ocr_line' id='line_1_12' title="bbox 116 1289 1485 1362; baseline 0.004 -21"><span class='ocrx_word' id='word_1_67' title='bbox 116 1289 258 1355; x_wconf 85' lang='lat' dir='ltr'>paritet</span> <span class='ocrx_word' id='word_1_68' title='bbox 281 1295 446 1361; x_wconf 82' lang='lat' dir='ltr'>recepi</span> <span class='ocrx_word' id='word_1_69' title='bbox 468 1333 483 1356; x_wconf 86' lang='lat'>‚</span> <span class='ocrx_word' id='word_1_70' title='bbox 515 1309 708 1345; x_wconf 88' lang='lat' dir='ltr'>omnes</span> <span class='ocrx_word' id='word_1_71' title='bbox 732 1293 1153 1362; x_wconf 85' lang='lat' dir='ltr'>elegantissimas</span> <span class='ocrx_word' id='word_1_72' title='bbox 1177 1333 1192 1357; x_wconf 85' lang='lat'>‚</span> <span class='ocrx_word' id='word_1_73' title='bbox 1232 1295 1485 1347; x_wconf 84' lang='lat' dir='ltr'>amantis-</span> 
     </span>
     <span class='ocr_line' id='line_1_13' title="bbox 117 1361 1486 1434; baseline 0.007 -23"><span class='ocrx_word' id='word_1_74' title='bbox 117 1361 260 1428; x_wconf 82' lang='lat' dir='ltr'>simas,</span> <span class='ocrx_word' id='word_1_75' title='bbox 295 1367 342 1417; x_wconf 86' lang='lat'>&amp;</span> <span class='ocrx_word' id='word_1_76' title='bbox 364 1369 541 1434; x_wconf 87' lang='lat' dir='ltr'>quales</span> <span class='ocrx_word' id='word_1_77' title='bbox 573 1383 601 1418; x_wconf 91' lang='lat' dir='ltr'>a</span> <span class='ocrx_word' id='word_1_78' title='bbox 640 1380 694 1417; x_wconf 89' lang='lat' dir='ltr'>te</span> <span class='ocrx_word' id='word_1_79' title='bbox 730 1367 916 1419; x_wconf 81' lang='lat' dir='ltr'>venire</span> <span class='ocrx_word' id='word_1_80' title='bbox 947 1405 963 1430; x_wconf 86' lang='lat'>,</span> <span class='ocrx_word' id='word_1_81' title='bbox 1010 1367 1302 1434; x_wconf 64' lang='lat' dir='ltr'>prasertim</span> <span class='ocrx_word' id='word_1_82' title='bbox 1343 1368 1486 1420; x_wconf 88' lang='lat' dir='ltr'>desi-</span> 
     </span>
     <span class='ocr_line' id='line_1_14' title="bbox 116 1435 1488 1508; baseline 0.007 -24"><span class='ocrx_word' id='word_1_83' title='bbox 116 1435 264 1489; x_wconf 85' lang='lat' dir='ltr'>deratas</span> <span class='ocrx_word' id='word_1_84' title='bbox 285 1478 300 1502; x_wconf 91' lang='lat'>‚</span> <span class='ocrx_word' id='word_1_85' title='bbox 329 1440 641 1507; x_wconf 84' lang='lat' dir='ltr'>oportebat:</span> <span class='ocrx_word' id='word_1_86' title='bbox 685 1455 905 1506; x_wconf 86' lang='lat' dir='ltr'>quarum</span> <span class='ocrx_word' id='word_1_87' title='bbox 936 1440 1041 1491; x_wconf 71' lang='lat' dir='ltr'>una</span> <span class='ocrx_word' id='word_1_88' title='bbox 1079 1438 1313 1508; x_wconf 78' lang='lat' dir='ltr'>iniungis</span> <span class='ocrx_word' id='word_1_89' title='bbox 1351 1441 1488 1493; x_wconf 85' lang='lat' dir='ltr'>mihi</span> 
     </span>
     <span class='ocr_line' id='line_1_15' title="bbox 116 1504 1484 1578; baseline 0.005 -21"><span class='ocrx_word' id='word_1_90' title='bbox 116 1504 480 1569; x_wconf 85' lang='lat' dir='ltr'>iucundissimum</span> <span class='ocrx_word' id='word_1_91' title='bbox 523 1511 874 1564; x_wconf 86' lang='lat' dir='ltr'>ministerium</span> <span class='ocrx_word' id='word_1_92' title='bbox 907 1551 923 1575; x_wconf 90' lang='lat'>‚</span> <span class='ocrx_word' id='word_1_93' title='bbox 973 1526 1035 1564; x_wconf 90' lang='lat' dir='ltr'>ut</span> <span class='ocrx_word' id='word_1_94' title='bbox 1074 1515 1137 1564; x_wconf 89' lang='lat' dir='ltr'>ad</span> <span class='ocrx_word' id='word_1_95' title='bbox 1177 1513 1441 1565; x_wconf 84' lang='lat' dir='ltr'>Plotinam</span> <span class='ocrx_word' id='word_1_96' title='bbox 1468 1551 1484 1578; x_wconf 89' lang='lat'>‚</span> 
     </span>
     <span class='ocr_line' id='line_1_16' title="bbox 116 1579 1487 1653; baseline 0.006 -23"><span class='ocrx_word' id='word_1_97' title='bbox 116 1579 429 1637; x_wconf 64' lang='lat' dir='ltr'>sanctissimam</span> <span class='ocrx_word' id='word_1_98' title='bbox 453 1585 706 1638; x_wconf 83' lang='lat' dir='ltr'>feminam</span> <span class='ocrx_word' id='word_1_99' title='bbox 724 1625 737 1649; x_wconf 86' lang='lat'>,</span> <span class='ocrx_word' id='word_1_100' title='bbox 757 1585 948 1637; x_wconf 83' lang='lat' dir='ltr'>litterae</span> <span class='ocrx_word' id='word_1_101' title='bbox 987 1599 1090 1636; x_wconf 83' lang='lat' dir='ltr'>tuae</span> <span class='ocrx_word' id='word_1_102' title='bbox 1124 1586 1487 1653; x_wconf 71' lang='lat' dir='ltr'>perferanturt</span> 
     </span>
     <span class='ocr_line' id='line_1_17' title="bbox 115 1655 1491 1725; baseline 0.003 -19"><span class='ocrx_word' id='word_1_103' title='bbox 115 1655 394 1719; x_wconf 80' lang='lat' dir='ltr'>perferentur.</span> <span class='ocrx_word' id='word_1_104' title='bbox 435 1659 633 1711; x_wconf 73' lang='lat' dir='ltr'>Eadem</span> <span class='ocrx_word' id='word_1_105' title='bbox 663 1660 1003 1710; x_wconf 87' lang='lat' dir='ltr'>commendas</span> <span class='ocrx_word' id='word_1_106' title='bbox 1033 1658 1303 1725; x_wconf 85' lang='lat' dir='ltr'>Popilium</span> <span class='ocrx_word' id='word_1_107' title='bbox 1333 1658 1491 1710; x_wconf 90' lang='lat' dir='ltr'>Arte-</span> 
     </span>
     <span class='ocr_line' id='line_1_18' title="bbox 116 1727 1490 1800; baseline 0.003 -21"><span class='ocrx_word' id='word_1_108' title='bbox 116 1727 314 1782; x_wconf 81' lang='lat' dir='ltr'>misium:</span> <span class='ocrx_word' id='word_1_109' title='bbox 348 1731 519 1785; x_wconf 88' lang='lat' dir='ltr'>statim</span> <span class='ocrx_word' id='word_1_110' title='bbox 555 1732 771 1800; x_wconf 81' lang='lat' dir='ltr'>praestiti</span> <span class='ocrx_word' id='word_1_111' title='bbox 815 1733 959 1799; x_wconf 86' lang='lat' dir='ltr'>quod</span> <span class='ocrx_word' id='word_1_112' title='bbox 1005 1732 1231 1799; x_wconf 90' lang='lat' dir='ltr'>petebat.</span> <span class='ocrx_word' id='word_1_113' title='bbox 1285 1729 1490 1783; x_wconf 86' lang='lat' dir='ltr'>Indicas</span> 
     </span>
     <span class='ocr_line' id='line_1_19' title="bbox 115 1799 1492 1874; baseline 0.002 -22"><span class='ocrx_word' id='word_1_114' title='bbox 115 1799 233 1852; x_wconf 80' lang='lat' dir='ltr'>etiam</span> <span class='ocrx_word' id='word_1_115' title='bbox 262 1805 477 1859; x_wconf 88' lang='lat' dir='ltr'>modicas</span> <span class='ocrx_word' id='word_1_116' title='bbox 501 1821 558 1857; x_wconf 87' lang='lat' dir='ltr'>te</span> <span class='ocrx_word' id='word_1_117' title='bbox 580 1804 878 1857; x_wconf 84' lang='lat' dir='ltr'>vindemias</span> <span class='ocrx_word' id='word_1_118' title='bbox 901 1802 1185 1874; x_wconf 77' lang='lat' dir='ltr'>collegifl‘e.</span> <span class='ocrx_word' id='word_1_119' title='bbox 1230 1805 1492 1855; x_wconf 88' lang='lat' dir='ltr'>Commu-</span> 
     </span>
     <span class='ocr_line' id='line_1_20' title="bbox 116 1873 1492 1946; baseline 0.001 -17"><span class='ocrx_word' id='word_1_120' title='bbox 116 1873 175 1925; x_wconf 82' lang='lat' dir='ltr'>nis</span> <span class='ocrx_word' id='word_1_121' title='bbox 197 1877 291 1930; x_wconf 77' lang='lat' dir='ltr'>haec</span> <span class='ocrx_word' id='word_1_122' title='bbox 319 1880 445 1931; x_wconf 87' lang='lat' dir='ltr'>mihi</span> <span class='ocrx_word' id='word_1_123' title='bbox 478 1895 658 1931; x_wconf 88' lang='lat' dir='ltr'>tecum</span> <span class='ocrx_word' id='word_1_124' title='bbox 683 1918 698 1941; x_wconf 86' lang='lat'>‚</span> <span class='ocrx_word' id='word_1_125' title='bbox 739 1895 1055 1946; x_wconf 87' lang='lat' dir='ltr'>quamquam</span> <span class='ocrx_word' id='word_1_126' title='bbox 1094 1877 1151 1928; x_wconf 87' lang='lat' dir='ltr'>in</span> <span class='ocrx_word' id='word_1_127' title='bbox 1187 1876 1492 1930; x_wconf 85' lang='lat' dir='ltr'>diversissi-</span> 
     </span>
     <span class='ocr_line' id='line_1_21' title="bbox 117 1949 1493 2020; baseline 0.001 -18"><span class='ocrx_word' id='word_1_128' title='bbox 117 1962 179 1998; x_wconf 81' lang='lat' dir='ltr'>ma</span> <span class='ocrx_word' id='word_1_129' title='bbox 202 1965 325 2017; x_wconf 86' lang='lat' dir='ltr'>parte</span> <span class='ocrx_word' id='word_1_130' title='bbox 357 1968 613 2005; x_wconf 84' lang='lat' dir='ltr'>terrarum</span> <span class='ocrx_word' id='word_1_131' title='bbox 634 1992 648 2015; x_wconf 85' lang='lat'>‚</span> <span class='ocrx_word' id='word_1_132' title='bbox 676 1954 887 2020; x_wconf 86' lang='lat' dir='ltr'>querela</span> <span class='ocrx_word' id='word_1_133' title='bbox 924 1950 1015 2003; x_wconf 85' lang='lat' dir='ltr'>est.</span> <span class='ocrx_word' id='word_1_134' title='bbox 1058 1950 1237 2002; x_wconf 71' lang='lat' dir='ltr'>Altera</span> <span class='ocrx_word' id='word_1_135' title='bbox 1271 1949 1493 2018; x_wconf 64' lang='lat' dir='ltr'>epistola</span> 
     </span>
     <span class='ocr_line' id='line_1_22' title="bbox 116 2022 1492 2088; baseline 0.003 -18"><span class='ocrx_word' id='word_1_136' title='bbox 116 2022 276 2076; x_wconf 84' lang='lat' dir='ltr'>nuntias</span> <span class='ocrx_word' id='word_1_137' title='bbox 316 2028 473 2079; x_wconf 87' lang='lat' dir='ltr'>multa</span> <span class='ocrx_word' id='word_1_138' title='bbox 512 2042 567 2078; x_wconf 87' lang='lat' dir='ltr'>te</span> <span class='ocrx_word' id='word_1_139' title='bbox 603 2042 742 2076; x_wconf 88' lang='lat' dir='ltr'>nunc</span> <span class='ocrx_word' id='word_1_140' title='bbox 776 2024 968 2077; x_wconf 64' lang='lat' dir='ltr'>diclare</span> <span class='ocrx_word' id='word_1_141' title='bbox 998 2064 1011 2087; x_wconf 89' lang='lat'>‚</span> <span class='ocrx_word' id='word_1_142' title='bbox 1050 2040 1190 2076; x_wconf 89' lang='lat' dir='ltr'>nunc</span> <span class='ocrx_word' id='word_1_143' title='bbox 1224 2022 1444 2076; x_wconf 89' lang='lat' dir='ltr'>scribere</span> <span class='ocrx_word' id='word_1_144' title='bbox 1474 2063 1492 2088; x_wconf 89' lang='lat'>,</span> 
     </span>
     <span class='ocr_line' id='line_1_23' title="bbox 118 2093 1493 2166; baseline 0.002 -20"><span class='ocrx_word' id='word_1_145' title='bbox 118 2093 259 2158; x_wconf 87' lang='lat' dir='ltr'>quibus</span> <span class='ocrx_word' id='word_1_146' title='bbox 286 2114 379 2151; x_wconf 88' lang='lat' dir='ltr'>nos</span> <span class='ocrx_word' id='word_1_147' title='bbox 411 2098 511 2151; x_wconf 88' lang='lat' dir='ltr'>tibi</span> <span class='ocrx_word' id='word_1_148' title='bbox 547 2099 905 2166; x_wconf 63' lang='lat' dir='ltr'>repraesentes.</span> <span class='ocrx_word' id='word_1_149' title='bbox 951 2096 1165 2149; x_wconf 86' lang='lat' dir='ltr'>Gratias</span> <span class='ocrx_word' id='word_1_150' title='bbox 1202 2113 1337 2165; x_wconf 87' lang='lat' dir='ltr'>ago:</span> <span class='ocrx_word' id='word_1_151' title='bbox 1368 2113 1493 2165; x_wconf 78' lang='lat' dir='ltr'>age-</span> 
     </span>
     <span class='ocr_line' id='line_1_24' title="bbox 118 2170 1496 2240; baseline 0.007 -27"><span class='ocrx_word' id='word_1_152' title='bbox 118 2181 199 2216; x_wconf 84' lang='lat' dir='ltr'>rem</span> <span class='ocrx_word' id='word_1_153' title='bbox 237 2172 420 2240; x_wconf 84' lang='lat' dir='ltr'>magis,</span> <span class='ocrx_word' id='word_1_154' title='bbox 455 2172 506 2224; x_wconf 87' lang='lat' dir='ltr'>si</span> <span class='ocrx_word' id='word_1_155' title='bbox 554 2188 639 2222; x_wconf 89' lang='lat' dir='ltr'>me</span> <span class='ocrx_word' id='word_1_156' title='bbox 688 2171 778 2222; x_wconf 88' lang='lat' dir='ltr'>illa</span> <span class='ocrx_word' id='word_1_157' title='bbox 825 2170 934 2237; x_wconf 86' lang='lat' dir='ltr'>ipsa</span> <span class='ocrx_word' id='word_1_158' title='bbox 958 2210 973 2234; x_wconf 89' lang='lat'>‚</span> <span class='ocrx_word' id='word_1_159' title='bbox 1019 2187 1135 2238; x_wconf 81' lang='lat' dir='ltr'>quae</span> <span class='ocrx_word' id='word_1_160' title='bbox 1176 2170 1356 2221; x_wconf 87' lang='lat' dir='ltr'>scribis</span> <span class='ocrx_word' id='word_1_161' title='bbox 1405 2184 1496 2222; x_wconf 87' lang='lat' dir='ltr'>aut</span> 
     </span>
     <span class='ocr_line' id='line_1_25' title="bbox 117 2238 1495 2315; baseline 0.004 -25"><span class='ocrx_word' id='word_1_162' title='bbox 117 2238 268 2307; x_wconf 70' lang='lat' dir='ltr'>distas,</span> <span class='ocrx_word' id='word_1_163' title='bbox 312 2248 481 2315; x_wconf 86' lang='lat' dir='ltr'>legere</span> <span class='ocrx_word' id='word_1_164' title='bbox 515 2244 786 2296; x_wconf 73' lang='lat' dir='ltr'>voluiffeS.</span> <span class='ocrx_word' id='word_1_165' title='bbox 837 2245 900 2294; x_wconf 89' lang='lat' dir='ltr'>Et</span> <span class='ocrx_word' id='word_1_166' title='bbox 941 2258 1053 2295; x_wconf 85' lang='lat' dir='ltr'>erat</span> <span class='ocrx_word' id='word_1_167' title='bbox 1099 2260 1307 2311; x_wconf 83' lang='lat' dir='ltr'>aequum</span> <span class='ocrx_word' id='word_1_168' title='bbox 1343 2257 1400 2294; x_wconf 92' lang='lat' dir='ltr'>ut</span> <span class='ocrx_word' id='word_1_169' title='bbox 1441 2259 1495 2296; x_wconf 87' lang='lat' dir='ltr'>te</span> 
     </span>
     <span class='ocr_line' id='line_1_26' title="bbox 117 2316 1497 2386; baseline 0.003 -23"><span class='ocrx_word' id='word_1_170' title='bbox 117 2327 201 2364; x_wconf 87' lang='lat' dir='ltr'>mea</span> <span class='ocrx_word' id='word_1_171' title='bbox 219 2355 232 2379; x_wconf 86' lang='lat'>,</span> <span class='ocrx_word' id='word_1_172' title='bbox 257 2317 323 2368; x_wconf 89' lang='lat' dir='ltr'>ita</span> <span class='ocrx_word' id='word_1_173' title='bbox 346 2336 429 2371; x_wconf 88' lang='lat' dir='ltr'>me</span> <span class='ocrx_word' id='word_1_174' title='bbox 463 2335 556 2371; x_wconf 89' lang='lat' dir='ltr'>tua</span> <span class='ocrx_word' id='word_1_175' title='bbox 580 2318 771 2385; x_wconf 83' lang='lat' dir='ltr'>scripta</span> <span class='ocrx_word' id='word_1_176' title='bbox 804 2317 1122 2386; x_wconf 85' lang='lat' dir='ltr'>cognoscere</span> <span class='ocrx_word' id='word_1_177' title='bbox 1143 2355 1158 2378; x_wconf 86' lang='lat'>‚</span> <span class='ocrx_word' id='word_1_178' title='bbox 1192 2316 1402 2368; x_wconf 86' lang='lat' dir='ltr'>etiamsi</span> <span class='ocrx_word' id='word_1_179' title='bbox 1432 2318 1497 2368; x_wconf 89' lang='lat' dir='ltr'>ad</span> 
     </span>
     <span class='ocr_line' id='line_1_27' title="bbox 114 2385 1495 2460; baseline 0.004 -25"><span class='ocrx_word' id='word_1_180' title='bbox 114 2385 236 2440; x_wconf 83' lang='lat' dir='ltr'>alium</span> <span class='ocrx_word' id='word_1_181' title='bbox 253 2428 267 2453; x_wconf 87' lang='lat'>‚</span> <span class='ocrx_word' id='word_1_182' title='bbox 290 2391 441 2460; x_wconf 74' lang='lat' dir='ltr'>quam</span> <span class='ocrx_word' id='word_1_183' title='bbox 478 2394 546 2443; x_wconf 91' lang='lat' dir='ltr'>ad</span> <span class='ocrx_word' id='word_1_184' title='bbox 568 2408 653 2443; x_wconf 88' lang='lat' dir='ltr'>me</span> <span class='ocrx_word' id='word_1_185' title='bbox 677 2430 692 2453; x_wconf 86' lang='lat'>‚</span> <span class='ocrx_word' id='word_1_186' title='bbox 718 2391 1065 2458; x_wconf 85' lang='lat' dir='ltr'>pertinerent.</span> <span class='ocrx_word' id='word_1_187' title='bbox 1124 2388 1401 2441; x_wconf 86' lang='lat' dir='ltr'>Polliceris</span> <span class='ocrx_word' id='word_1_188' title='bbox 1435 2389 1495 2440; x_wconf 88' lang='lat' dir='ltr'>in</span> 
     </span>
     <span class='ocr_line' id='line_1_28' title="bbox 115 2457 1497 2531; baseline 0.001 -19"><span class='ocrx_word' id='word_1_189' title='bbox 115 2457 221 2523; x_wconf 85' lang='lat' dir='ltr'>fine,</span> <span class='ocrx_word' id='word_1_190' title='bbox 255 2481 407 2531; x_wconf 89' lang='lat' dir='ltr'>quum</span> <span class='ocrx_word' id='word_1_191' title='bbox 443 2465 640 2517; x_wconf 85' lang='lat' dir='ltr'>certius</span> <span class='ocrx_word' id='word_1_192' title='bbox 680 2467 742 2516; x_wconf 88' lang='lat' dir='ltr'>de</span> <span class='ocrx_word' id='word_1_193' title='bbox 781 2463 909 2515; x_wconf 83' lang='lat' dir='ltr'>vitae</span> <span class='ocrx_word' id='word_1_194' title='bbox 947 2461 1133 2513; x_wconf 78' lang='lat' dir='ltr'>nostrae</span> <span class='ocrx_word' id='word_1_195' title='bbox 1160 2462 1497 2514; x_wconf 85' lang='lat' dir='ltr'>ordinatione</span> 
     </span>
     <span class='ocr_line' id='line_1_29' title="bbox 116 2532 1497 2604; baseline 0.001 -18"><span class='ocrx_word' id='word_1_196' title='bbox 116 2532 272 2600; x_wconf 83' lang='lat' dir='ltr'>aliquid</span> <span class='ocrx_word' id='word_1_197' title='bbox 302 2539 525 2590; x_wconf 83' lang='lat' dir='ltr'>audieris</span> <span class='ocrx_word' id='word_1_198' title='bbox 547 2577 562 2601; x_wconf 86' lang='lat'>‚</span> <span class='ocrx_word' id='word_1_199' title='bbox 607 2539 841 2590; x_wconf 87' lang='lat' dir='ltr'>futurum</span> <span class='ocrx_word' id='word_1_200' title='bbox 881 2551 935 2588; x_wconf 89' lang='lat' dir='ltr'>te</span> <span class='ocrx_word' id='word_1_201' title='bbox 978 2535 1264 2604; x_wconf 83' lang='lat' dir='ltr'>fugitivum</span> <span class='ocrx_word' id='word_1_202' title='bbox 1304 2536 1383 2587; x_wconf 90' lang='lat' dir='ltr'>rei</span> <span class='ocrx_word' id='word_1_203' title='bbox 1418 2536 1497 2587; x_wconf 89' lang='lat' dir='ltr'>fa-</span> 
     </span>
     <span class='ocr_line' id='line_1_30' title="bbox 114 2605 1499 2679; baseline 0.001 -21"><span class='ocrx_word' id='word_1_204' title='bbox 114 2605 289 2661; x_wconf 83' lang='lat' dir='ltr'>miliaris</span> <span class='ocrx_word' id='word_1_205' title='bbox 313 2650 327 2673; x_wconf 85' lang='lat'>‚</span> <span class='ocrx_word' id='word_1_206' title='bbox 363 2611 644 2679; x_wconf 84' lang='lat' dir='ltr'>statimque</span> <span class='ocrx_word' id='word_1_207' title='bbox 674 2613 737 2661; x_wconf 87' lang='lat' dir='ltr'>ad</span> <span class='ocrx_word' id='word_1_208' title='bbox 758 2626 858 2661; x_wconf 89' lang='lat' dir='ltr'>nos</span> <span class='ocrx_word' id='word_1_209' title='bbox 882 2611 1218 2679; x_wconf 85' lang='lat' dir='ltr'>evolaturum</span> <span class='ocrx_word' id='word_1_210' title='bbox 1238 2647 1253 2670; x_wconf 86' lang='lat'>‚</span> <span class='ocrx_word' id='word_1_211' title='bbox 1277 2609 1368 2676; x_wconf 89' lang='lat' dir='ltr'>qui</span> <span class='ocrx_word' id='word_1_212' title='bbox 1392 2607 1499 2669; x_wconf 75' lang='lat' dir='ltr'>iam</span> 
     </span>
     <span class='ocr_line' id='line_1_31' title="bbox 116 2676 1502 2752; baseline 0 -20"><span class='ocrx_word' id='word_1_213' title='bbox 116 2676 185 2728; x_wconf 84' lang='lat' dir='ltr'>tibi</span> <span class='ocrx_word' id='word_1_214' title='bbox 208 2688 476 2752; x_wconf 85' lang='lat' dir='ltr'>compedes</span> <span class='ocrx_word' id='word_1_215' title='bbox 509 2683 769 2735; x_wconf 60' lang='lat' dir='ltr'>nectimus</span> <span class='ocrx_word' id='word_1_216' title='bbox 790 2720 804 2744; x_wconf 92' lang='lat'>‚</span> <span class='ocrx_word' id='word_1_217' title='bbox 838 2698 965 2749; x_wconf 86' lang='lat' dir='ltr'>quas</span> <span class='ocrx_word' id='word_1_218' title='bbox 1005 2682 1329 2749; x_wconf 82' lang='lat' dir='ltr'>perfringere</span> <span class='ocrx_word' id='word_1_219' title='bbox 1348 2683 1502 2732; x_wconf 88' lang='lat' dir='ltr'>nullo</span> 
     </span>
     <span class='ocr_line' id='line_1_32' title="bbox 114 2752 1503 2823; baseline 0.001 -19"><span class='ocrx_word' id='word_1_220' title='bbox 114 2754 241 2805; x_wconf 87' lang='lat' dir='ltr'>modo</span> <span class='ocrx_word' id='word_1_221' title='bbox 274 2757 469 2823; x_wconf 78' lang='lat' dir='ltr'>possis,</span> <span class='ocrx_word' id='word_1_222' title='bbox 523 2756 703 2808; x_wconf 87' lang='lat' dir='ltr'>Tertia</span> <span class='ocrx_word' id='word_1_223' title='bbox 743 2753 963 2823; x_wconf 87' lang='lat' dir='ltr'>epistola</span> <span class='ocrx_word' id='word_1_224' title='bbox 999 2754 1303 2806; x_wconf 87' lang='lat' dir='ltr'>continebat</span> <span class='ocrx_word' id='word_1_225' title='bbox 1341 2793 1355 2816; x_wconf 86' lang='lat'>,</span> <span class='ocrx_word' id='word_1_226' title='bbox 1398 2752 1503 2805; x_wconf 83' lang='lat' dir='ltr'>effe</span> 
     </span>
     <span class='ocr_line' id='line_1_33' title="bbox 113 2824 1504 2895; baseline 0.005 -24"><span class='ocrx_word' id='word_1_227' title='bbox 113 2824 184 2874; x_wconf 89' lang='lat' dir='ltr'>tibi</span> <span class='ocrx_word' id='word_1_228' title='bbox 219 2830 464 2881; x_wconf 82' lang='lat' dir='ltr'>redditam</span> <span class='ocrx_word' id='word_1_229' title='bbox 515 2829 815 2880; x_wconf 86' lang='lat' dir='ltr'>orationem</span> <span class='ocrx_word' id='word_1_230' title='bbox 858 2843 957 2895; x_wconf 90' lang='lat' dir='ltr'>pro</span> <span class='ocrx_word' id='word_1_231' title='bbox 1009 2827 1188 2878; x_wconf 84' lang='lat' dir='ltr'>Clario</span> <span class='ocrx_word' id='word_1_232' title='bbox 1211 2866 1227 2890; x_wconf 91' lang='lat'>‚</span> <span class='ocrx_word' id='word_1_233' title='bbox 1277 2842 1504 2893; x_wconf 87' lang='lat' dir='ltr'>eamque</span> 
     </span>
     <span class='ocr_line' id='line_1_34' title="bbox 113 2895 1507 2971; baseline 0.008 -26"><span class='ocrx_word' id='word_1_234' title='bbox 113 2895 245 2951; x_wconf 81' lang='lat' dir='ltr'>visam</span> <span class='ocrx_word' id='word_1_235' title='bbox 281 2902 578 2958; x_wconf 84' lang='lat' dir='ltr'>uberiorem</span> <span class='ocrx_word' id='word_1_236' title='bbox 601 2940 616 2967; x_wconf 91' lang='lat'>,</span> <span class='ocrx_word' id='word_1_237' title='bbox 655 2900 813 2971; x_wconf 69' lang='lat' dir='ltr'>quam</span> <span class='ocrx_word' id='word_1_238' title='bbox 851 2900 1062 2954; x_wconf 82' lang='lat' dir='ltr'>dicente</span> <span class='ocrx_word' id='word_1_239' title='bbox 1106 2916 1194 2954; x_wconf 86' lang='lat' dir='ltr'>me</span> <span class='ocrx_word' id='word_1_240' title='bbox 1218 2937 1233 2964; x_wconf 90' lang='lat'><strong>‚</strong></span> <span class='ocrx_word' id='word_1_241' title='bbox 1263 2898 1507 2956; x_wconf 70' lang='lat' dir='ltr'>audiente</span> 
     </span>
    </p>
   </div>
  </div>
 </body>
</html>
