1951 3720
323 220 859 303 TRAIANO
916 238 1342 292 chrvs.
1440 244 1586 315 417

139 343 374 408 habent,
414 342 556 413 quod
580 344 652 397 ibi
676 341 1115 411 intemperantius
1149 359 1384 395 amamus
1414 343 1597 398 bonos

140 412 461 486 Principes,
494 418 585 473 ubi
603 417 817 470 liberius
837 419 1009 469 malos
1034 416 1266 471 odimus,

215 491 420 543 LXIX
475 490 671 558 Cepisti
730 506 908 543 tamen
951 492 1003 542 &
1060 489 1275 541 affestus
1318 487 1482 542 nostri
1535 491 1593 543 &

137 561 329 630 iudicii
352 564 826 632 experimentum,
857 556 1117 633 quantum
1135 563 1432 615 maximum
1452 582 1594 631 prae-

139 636 263 690 sens
307 654 494 705 capere
536 637 792 705 potuisti,
825 636 921 689 illo
944 636 1028 689 die
1053 676 1073 701 ,
1109 654 1218 704 quo
1243 636 1599 693 sollicitudini

140 710 448 780 pudorique
470 709 897 763 candidatorum’
884 726 957 761 tta
977 708 1284 762 consuluisti
1301 749 1321 772 ,
1345 727 1412 762 ne
1432 710 1599 767 ullius¹

139 783 399 854 gaudium
423 785 637 836 alterius
668 783 876 835 tristitia
895 784 1142 835 turbaret.
1182 782 1291 834 Alii
1313 800 1434 835 curn
1453 784 1593 837 laeti·

142 858 221 909 tia
244 895 259 920 ,
303 856 397 909 alii
438 874 558 909 cum
597 857 686 925 spe
726 855 1079 909 recefl'erunt:
1119 854 1300 908 multis
1339 859 1599 925 gratulan-

141 931 276 997 dum
296 969 313 994 ,
354 946 516 982 nemo
540 930 893 983 consolandus
931 929 1051 982 fuit.
1093 930 1207 982 Nec
1237 928 1360 981 ideo
1382 928 1595 1000 segnius

141 1002 375 1072 iuvenes
395 1003 602 1055 nostros
623 1003 934 1055 exhortatus
954 1019 1050 1067 en,
1081 1002 1321 1055 senatum
1345 1001 1600 1056 circumi-

143 1093 310 1139 rent,
341 1076 554 1135 senatui
576 1076 970 1145 supplicarent,
1006 1092 1162 1144 atque
1189 1075 1261 1127 ita
1290 1091 1319 1127 a
1349 1075 1597 1146 Principe

147 1149 424 1219 sperarent
461 1152 735 1215 honores,
774 1149 819 1202 si
859 1167 890 1205 a
923 1149 1106 1201 senatu
1141 1146 1407 1217 petiss‘ent.
1463 1151 1594 1216 Quo

147 1222 409 1293 quidem
396 1241 453 1275 ιιι
471 1225 635 1287 loco,
670 1224 717 1275 si
742 1218 948 1291 quibus
959 1240 1096 1299 opus
1118 1224 1408 1291 exemplo,
1453 1223 1600 1290 adje-

146 1296 263 1349 cisti
295 1313 355 1350 ut
387 1312 439 1349 te
469 1297 820 1350 imitarentur.
859 1294 1134 1360 Arduum,
1169 1296 1377 1360 Caesar,
1417 1313 1595 1349 exem

148 1371 348 1439 plum,
394 1371 446 1423 &
483 1372 626 1438 quod
657 1369 854 1423 imitari
885 1387 998 1421 non
1033 1366 1200 1438 magis
1226 1367 1447 1438 quisque
1468 1387 1597 1422 can-

146 1443 450 1497 didatorum
491 1442 647 1512 quam
688 1443 992 1512 Principum
1034 1443 1227 1511 possit.
1273 1442 1410 1508 Quis
1448 1444 1593 1497 enim

148 1518 242 1571 vel
291 1535 404 1570 uno
453 1517 539 1569 die
591 1517 924 1570 reverentior
975 1516 1184 1569 senatus
1239 1517 1540 1570 candidatus
1578 1557 1597 1583 ,

149 1590 317 1659 quam
351 1606 411 1642 tu
444 1608 606 1660 quum
645 1590 797 1643 omni
831 1589 986 1652 vita,
1021 1605 1135 1642 tum
1165 1589 1263 1640 '1110
1302 1584 1420 1656 ipso
1458 1604 1599 1643 tem-

148 1681 321 1733 pore,
355 1681 464 1732 quo
505 1664 704 1731 iudicas
725 1666 788 1716 de
824 1662 1158 1717 candidatis?
1201 1662 1287 1715 An
1319 1660 1461 1714 aliud
1492 1682 1522 1716 a
1544 1679 1601 1717 te

151 1736 317 1807 quam
349 1738 555 1791 senatus
596 1736 894 1791 reverentia
917 1735 1188 1813 obtinuit,
1221 1750 1281 1799 ut
1315 1724 1601 1813 juvenibus

149 1810 462 1868 clarissimae
495 1810 667 1880 gentis
699 1810 932 1872 debitum
969 1796 1152 1888 generi
1172 1774 1473 1876 bonorem,
1492 1806 1607 1868 sed

185 1900 440 1954 ntequam
462 1887 772 1948 deberetur,
797 1883 1061 1938 offerres?
1083 1881 1318 1936 Tandem
1342 1901 1471 1954 ergo
1494 1902 1609 1938 no·

150 1903 335 2014 {imas
355 1976 468 2012 non
491 1957 838 2022 obscuratur,
857 1959 946 2011 sed
968 1957 1281 2010 illustratur
1267 1975 1297 2008 a
1298 1951 1607 2026 Principe:

154 2021 375 2092 ‚tandem
406 2031 530 2086 illos
568 2031 865 2102 ingentium
894 2031 1145 2083 virorum
1173 2045 1437 2099 nepotes,
1475 2030 1605 2085 illos

153 2105 402 2177 posteros
429 2105 722 2168 libertatis,
749 2122 846 2158 nec
865 2119 1027 2157 terret
1049 2104 1257 2168 Caesar,
1292 2121 1388 2155 nec
1410 2119 1608 2173 pavet·

155 2179 470 2249 quinimmo
499 2145 751 2231 festinatis
789 2178 1085 2236 honoribus
1122 2176 1411 2244 amplificat
1444 2193 1606 2247 atque

155 2267 362 2338 auget,
401 2253 454 2305 &
489 2250 776 2315 maioribus
807 2251 913 2303 suis
945 2250 1134 2303 reddit.
1161 2250 1215 2302 Si
1236 2250 1364 2319 quid
1385 2251 1607 2320 usquam

155 2323 336 2396 stirpis
377 2324 642 2395 antiquae,
672 2324 719 2382 si
754 2323 881 2394 quid
918 2323 1138 2400 residuae
1170 2324 1458 2389 claritatis,
1498 2325 1606 2379 hoc

153 2400 497 2485 amplexatur
523 2399 575 2450 δὲ
607 2399 853 2461 refovet,
900 2389 989 2450 δι
975 2395 1035 2450 ιιι
1063 2397 1216 2456 usum
1247 2397 1449 2466 reipub.
1484 2415 1607 2467 pro-

157 2473 284 2540 mrt'.
334 2474 469 2525 Sunt
509 2473 566 2524 in
599 2474 808 2526 honore
845 2469 1168 2534 hominurn,
1210 2471 1262 2523 &
1304 2471 1360 2524 in
1398 2471 1610 2524 honore

154 2533 346 2612 fama!
341 2563 532 2617 magna
563 2545 781 2598 nomina
810 2562 879 2597 ex
901 2544 1131 2595 tenebris
1153 2509 1487 2608 oblivionis,
1520 2545 1613 2597 in·

155 2615 446 2704 'dulgentia
479 2619 697 2672 Caesaris
734 2658 749 2682 ,
801 2617 955 2686 cuiu's
985 2618 1097 2674 haec
1134 2617 1366 2696 intentio
1404 2616 1521 2683 est,
1548 2634 1613 2670 ut

155 2679 394 2768 nobiles
405 2693 456 2744 δί
477 2693 756 2746 conservet
782 2693 833 2744 &
856 2691 1064 2748 efficiat
1132 2697 1135 2698 ’

232 2751 413 2819 Lxx.
457 2765 737 2819 Praefuerat
773 2764 1069 2834 provinciae
1107 2763 1332 2833 quaestor
1371 2780 1507 2817 unus
1539 2781 1613 2819 ex

153 2838 455 2920 candidatis
478 2873 494 2902 ,
536 2839 594 2891 in
623 2856 781 2910 quem
818 2855 882 2892 ea
914 2838 1104 2892 civitas
1129 2836 1457 2962 ampligsima
1481 2839 1620 2892 redi*

1357 2928 1397 2963 v
