1951 3720
376 337 507 409 128
712 337 978 405 CAIJ
1050 337 1461 404 PLINII

367 460 542 512 Vides
587 457 745 527 quam
789 473 938 510 acuta
988 458 1206 523 omnia,
1251 457 1410 526 quam
1447 470 1565 525 apta
1588 495 1605 520 ‚
1647 447 1783 523 quain

362 531 602 600 exprefi‘a
627 536 639 586 Ξ
678 534 760 583 Ad
795 533 936 583 hunc
969 530 1173 601 gustum
1204 546 1379 582 totum
1408 531 1597 582 librum
1622 539 1783 596 repro-

365 606 571 658 mitto·
562 640 576 664 ,
614 622 774 673 quem
823 604 921 656 tibi
965 645 973 657 .
1020 619 1080 656 ut
1128 604 1361 672 primum
1416 601 1746 671 publicaverit
1768 640 1784 664 ‚

365 679 650 730 exhibebo.
697 677 916 730 Interim
958 694 1076 729 ama
1114 676 1368 761 juvenem
1405 716 1420 738 ‚
1466 677 1518 727 &
1552 673 1787 743 tempori-

363 751 462 803 bus
518 750 709 803 nostris
760 752 1023 820 gratulare
1069 767 1169 818 pro
1225 749 1451 820 ingenio
1484 749 1626 811 tali,
1664 748 1788 831 quod
1874 773 1875 800 2

363 823 462 876 ille
479 824 718 876 moribus
749 827 989 876 adornat.
1015 824 1175 876 Vivit
1195 839 1316 875 cum
1340 823 1635 890 Spurinna,
1664 819 1789 872 vivit

366 914 489 949 cum
523 896 851 949 Antonino·
841 932 856 956 ,
898 913 1130 964 quorum
1168 896 1320 948 alteri
1360 895 1567 957 affinis,
1600 893 1788 960 utrique

367 969 764 1023 contubernalis
801 968 893 1022 est.
945 969 1131 1022 Possis
1164 986 1236 1021 ex
1266 970 1372 1020 hoc
1395 969 1567 1021 facere
1598 966 1790 1030 conjec-

367 1058 539 1095 turam
567 1083 580 1106 ,
616 1043 775 1111 quam
811 1043 882 1094 sit
922 1045 1231 1095 emendatus
1276 1041 1616 1102 adolescens,
1655 1038 1736 1107 qui
1766 1054 1791 1089 a

370 1117 703 1185 gravissimis
746 1116 957 1169 senibus
1000 1117 1077 1169 sic
1114 1130 1338 1170 amatur.
1392 1113 1478 1165 Est
1510 1113 1653 1167 enim
1682 1112 1793 1166 illud

372 1190 720 1243 verissimum
746 1209 761 1243 t

772 1265 1075 1340 ‘requie-xm
1101 1269 1183 1328 ἔτι

606 1349 850 1415 Τοιῦτῷι
874 1351 974 1412 i·,-u
994 1396 1010 1422 ,
1033 1350 1208 1418 οἷσπερ
1229 1344 1407 1424 {hue
1434 1340 1601 1417 Zmin.
1625 1343 1769 1418 val?-

379 1458 754 1512 ‘XXVIIL
796 1459 1131 1512 Fuluus
1168 1461 1474 1511 Sevi-:no
1521 1469 1666 1509 suo
1702 1455 1752 1508 S.

373 1556 592 1608 Cornelii
631 1557 841 1626 Nepotis
882 1557 928 1607 6·
972 1556 1031 1609 T.
1073 1556 1202 1606 Aah·
1238 1555 1462 1626 imagines
1496 1550 1798 1623 exscribendas

797 1650 1150 1723 pingendasque
1189 1653 1399 1722 delegat.

377 1738 480 1832 H
503 1790 699 1828 ειιιειι
721 1790 906 1830 mus
964 1777 1195 1828 Severus
1227 1815 1244 1840 ,
1281 1775 1370 1829 vir
1426 1774 1755 1828 doffissimus
1785 1780 1803 1838 ’,’

375 1850 556 1918 magni
596 1849 815 1902 aestimat
855 1850 913 1902 in
959 1849 1280 1902 bibliotheca
1320 1850 1409 1902 sua
1444 1866 1648 1919 ponere
1688 1848 1802 1900 ima·
1888 1847 1889 1856 ’

374 1921 526 1990 gines
571 1924 902 1992 municipum
938 1937 1197 1987 tuorum,
1242 1924 1484 1975 Cornelii
1508 1922 1732 1992 Nepotis
1758 1922 1801 1973 &

373 1994 490 2046 Titi
526 1995 704 2055 Actii3
740 1997 1023 2065 petitque,
1055 1999 1100 2049 si
1131 1997 1251 2048 sunt
1286 1996 1435 2060 istic,
1466 2012 1528 2049 ut
1566 1995 1667 2048 effe
1704 2012 1802 2048 cre·

373 2066 535 2121 dibile
566 2068 679 2134 est,
725 2069 1092 2122 exscribendas
1130 2070 1523 2161 pingendasque
1566 2071 1802 2138 delegem.

376 2140 555 2206 Quam
585 2159 765 2195 curam
787 2142 884 2195 tihi
906 2143 1251 2227 potissimum
1266 2142 1535 2231 injungo,
1559 2142 1798 2211 primum,

374 2213 501 2288 quia
521 2215 793 2268 desideriis
814 2219 947 2270 meis
968 2214 1289 2270 amicissime
1309 2217 1655 2285 obsequeris:
1680 2214 1803 2267 dein·

374 2289 472 2349 de,
495 2289 618 2356 quia
648 2288 743 2340 tibi
775 2287 1064 2340 studiorum
1095 2290 1297 2341 summa
1317 2289 1653 2351 reverentia,
1677 2288 1803 2341 sum-

373 2376 494 2412 mus
542 2378 693 2413 amor
745 2361 1136 2414 studiosorum.
1178 2361 1449 2446 postremo
1481 2402 1497 2426 ‚
1542 2360 1685 2431 quod
1720 2376 1802 2428 pa·

374 2433 535 2485 triam
570 2449 752 2498 tuam,
796 2435 1086 2503 omnesque
1128 2435 1220 2504 qui
1257 2452 1459 2488 nomen
1492 2436 1609 2501 ejus
1657 2449 1802 2486 auxe-

373 2521 537 2571 runt,
577 2521 637 2558 ut
682 2507 924 2585 patriam
959 2508 1176 2576 ipsam,
1207 2510 1480 2560 veneraris
1532 2509 1587 2560 δι
1623 2507 1803 2576 diligis.

374 2578 509 2634 Peto
549 2595 727 2632 autem
756 2596 817 2633 ut
855 2581 1117 2649 pistorem
1148 2599 1307 2649 quam
1350 2580 1801 2664 diligentissimum

372 2651 614 2707 assumas.
670 2655 806 2705 Nam
844 2671 1009 2722 quum
1040 2654 1113 2706 est
1155 2657 1373 2707 arduum
1411 2650 1802 2707 similitudinem

373 2727 641 2810 effingere
646 2744 715 2778 ex
733 2743 903 2791 vero,
929 2741 1045 2778 tum
1077 2727 1239 2797 longe
1271 2727 1580 2779 difficillima
1599 2727 1704 2780 est
1691 2725 1803 2778 imi-

285 2834 288 2837 ι
372 2800 594 2852 tationis
627 2798 880 2852 imitatio.
905 2800 954 2851 A
977 2817 1080 2869 qua
1105 2818 1240 2871 rogo
1264 2815 1324 2852 ut
1354 2799 1614 2853 artificem
1629 2815 1802 2869 ‚quem

373 2872 597 3001 ⁶55&ss
628 2912 645 2940 ,
686 2888 754 2927 ne
795 2872 855 2926 in
897 2873 1089 2928 melius
1133 2874 1348 2945 quidem
1381 2873 1522 2931 sinas
1561 2875 1802 2931 aberrare.

491 2961 522 3000 e
