1951 3720
343 346 474 396 100
649 322 946 390 CAII·
999 322 1435 390 ΡιιΝιῙ

425 447 541 500 111.
594 445 924 498 Pennus
963 445 1394 496 Aurei-uno
1437 453 1586 495 suo
1627 437 1683 495 S.

332 569 521 624 laudes
550 567 789 618 Antonini
811 567 909 615 sive
938 564 1185 621 Adriani,
1217 578 1269 612 nt
1297 563 1469 613 habent
1491 564 1646 631 regii,
1679 580 1772 615 non

405 659 502 692 ram
535 661 593 690 ex
630 641 910 697 honoribus,
937 657 1050 705 quos
1087 638 1395 703 amplissimos
1433 637 1612 706 gessit,
1642 637 1773 704 qudm

405 734 465 766 ex
499 716 685 784 ingenio
723 714 769 763 ὃ·
810 710 988 762 Grac-is
1020 711 1244 762 versibus·

338 832 436 957 Q
459 880 586 936 υὸι)
612 883 773 935 semel
809 896 965 950 atque
998 878 1191 931 iterum
1221 879 1405 931 consul
1429 877 1567 932 fuisti
1589 918 1605 942 ‚
1632 877 1776 933 simi-

331 958 400 1011 lis
439 956 670 1025 antiquis
697 974 714 1016 ·,
748 952 890 1023 quod
920 954 1208 1021 proconsul
1240 952 1380 1005 Asiae
1402 991 1417 1015 ‚
1452 952 1622 1021 qualis
1655 968 1777 1005 ante

332 1046 386 1084 te
411 1070 426 1094 ‚
462 1030 633 1098 qualis
662 1029 781 1097 post
804 1043 856 1079 te
885 1028 987 1079 vix
1010 1043 1145 1079 unus
1178 1041 1266 1077 aut
1295 1028 1467 1093 alter(
1501 1042 1613 1077 non
1645 1025 1780 1078 sinit

330 1103 480 1157 enim
523 1120 609 1155 me
641 1101 962 1154 verecundia
998 1115 1088 1152 tua
1125 1099 1299 1151 dicere
1326 1138 1341 1162 ,
1381 1105 1585 1165 nemo)
1632 1098 1782 1168 quod

331 1177 605 1230 san&itate
626 1215 641 1239 ‚
667 1173 814 1243 quod
835 1173 1146 1226 au&oritate
1168 1212 1183 1236 ‚
1208 1185 1600 1240 aetate·quoque
1625 1173 1783 1240 prim,

332 1266 458 1318 ceps
507 1249 745 1302 civitatis
766 1287 782 1311 ,
819 1248 894 1299 est
930 1248 1147 1315 quidem
1199 1245 1505 1298 venerabile
1560 1246 1615 1296 &
1656 1246 1781 1313 pul-

331 1326 555 1377 chrum:
586 1339 689 1391 ego
725 1336 901 1373 tamen
930 1336 984 1372 te
1018 1322 1108 1372 vel
1139 1319 1310 1388 magis
1348 1318 1405 1369 in
1440 1318 1783 1371 remissioni-

331 1397 430 1460 bus
474 1396 661 1450 miror.
713 1396 850 1448 Nam
888 1393 1227 1445 severitatem
1258 1391 1405 1443 istam
1436 1391 1551 1459 pari
1587 1390 1784 1456 jucun-

333 1470 498 1523 ditate
532 1468 749 1521 eondire
773 1508 789 1532 ,
825 1469 1147 1534 summaeque
1180 1465 1429 1535 gravitati
1454 1479 1664 1515 tantum
1698 1482 1787 1517 co·

331 1543 536 1606 mitaris
588 1539 869 1611 adjungere
900 1580 917 1605 ‚
971 1557 1085 1592 non
1130 1538 1307 1591 minus
1360 1538 1569 1590 difficile
1622 1537 1786 1605 quim

332 1633 587 1686 magnum
640 1616 730 1669 est.
784 1616 844 1667 ld
889 1628 948 1665 tu
993 1630 1157 1682 quum
1209 1611 1507 1665 incredibili
1557 1613 1787 1679 quadam

330 1690 594 1750 suavitate
618 1691 925 1748 sermonum
940 1726 956 1749 ‚
980 1701 1092 1738 tum
1112 1688 1201 1739 vel
1222 1684 1490 1754 praecipue
1509 1684 1633 1737 stilo
1658 1684 1786 1737 affe-

254 1828 256 1832 *
336 1766 539 1834 queriS.
576 1766 714 1816 Nam
734 1760 1052 1829 &loquenti
1083 1760 1181 1811 tibi
1213 1760 1304 1812 illa
1336 1759 1617 1811 Homerici
1641 1758 1788 1811 senis

330 1840 493 1891 mella
522 1837 790 1906 profluere
809 1875 825 1899 ‚
853 1837 907 1888 &
944 1851 1060 1903 quae
1097 1833 1275 1886 scribis
1298 1872 1313 1898 ‚
1345 1835 1617 1902 complere
1655 1850 1789 1902 apes

331 1910 558 1965 floribus
580 1949 594 1974 ,
635 1912 690 1962 &
730 1909 997 1961 innectere
1036 1908 1304 1960 videntur.
1360 1909 1438 1959 Ita
1484 1905 1630 1960 cert'e
1666 1908 1789 1960 sum

332 1983 552 2037 effeetus
599 1984 714 2052 ipse
735 2022 752 2047 ‚
792 1999 956 2050 quum
999 1980 1187 2034 Gtaeca
1221 1981 1601 2049 epigrammata
1648 1995 1745 2033 tua
1771 2014 1790 2045 ἢ,

334 2075 502 2127 quum
539 2058 744 2109 iambos
787 2053 1039 2123 proxime
1081 2056 1331 2123 legerem.
1391 2055 1668 2119 Quantum
1711 2054 1790 2106 ibi

332 2131 680 2184 humanitatis
701 2169 717 2193 ‚
748 2127 1037 2180 venustatis
1060 2132 1072 2180 Ξ
1099 2127 1258 2195 quium
1277 2127 1448 2178 dulcia
1466 2126 1558 2179 iua
1580 2132 1592 2180 Ξ
1621 2127 1787 2196 ([ιιέωι

333 2205 594 2273 antiqua!
639 2207 795 2271 quam
830 2205 1051 2271 arguta!
1104 2200 1262 2269 quim
1305 2199 1478 2253 recia!
1523 2200 1792 2253 Callima-

333 2278 495 2332 chum
515 2294 601 2329 me
623 2315 638 2339 ‚
670 2278 761 2328 vel
785 2275 1056 2327 Herodem
1077 2313 1091 2337 ,
1116 2276 1206 2326 vel
1229 2273 1278 2326 si
1303 2274 1431 2341 quid
1446 2272 1530 2325 his
1553 2273 1750 2326 melius
1765 2308 1787 2340 ‚

334 2363 518 2403 tenere
551 2350 860 2415 credebam3
898 2364 1128 2416 quorum
1164 2361 1343 2399 tamen
1365 2362 1551 2398 neuter
1578 2362 1791 2399 utrum-

336 2440 442 2493 que
468 2438 557 2475 aut
588 2422 816 2476 absolvit
835 2438 924 2474 aut
953 2420 1147 2489 attigit.
1183 2420 1547 2472 Hominemne
1577 2421 1791 2472 Roma-

336 2512 468 2552 num
505 2510 613 2547 tam
652 2494 839 2548 Graece
869 2493 1064 2562 loqui?
1098 2495 1224 2545 Non
1244 2532 1259 2556 ‚
1290 2509 1375 2545 me
1409 2493 1551 2545 Dius
1578 2492 1741 2546 fidius
1764 2532 1790 2559 ,

333 2568 479 2637 ipsas
501 2570 733 2635 Athenas
755 2582 861 2620 tam
892 2567 1092 2619 Atticas
1113 2566 1358 2618 dixerim.
1400 2566 1547 2631 Quid
1565 2569 1736 2618 multa
1759 2569 1790 2620 ἓ

331 2641 560 2696 Invideo
605 2641 809 2694 Graecis
833 2681 848 2705 ‚
893 2638 1037 2709 quod
1079 2639 1296 2692 illorum
1330 2638 1514 2708 lingua
1557 2640 1791 2692 scribere

337 2714 583 2768 maluisti.
624 2717 811 2783 Neque
845 2714 991 2766 enim
1010 2712 1312 2778 conjeaura
1330 2727 1451 2782 eget
1473 2746 1487 2776 ,
1520 2712 1651 2781 quid
1673 2713 1791 2764 ser-

336 2804 500 2843 mone
525 2788 700 2857 patrio
735 2788 1036 2856 exprimere
1067 2786 1246 2855 possis
1273 2824 1288 2850 ‚
1324 2803 1490 2854 quum
1518 2786 1625 2837 hoc
1657 2785 1789 2837 insi·

332 2861 463 2990 tx‘sitailo
501 2863 554 2915 δι
590 2860 807 2917 ἱειᾱιιᾶο
842 2875 952 2915 tam
988 2863 1236 2930 praeclara
1272 2876 1436 2929 opera
1474 2857 1790 2929 perfeceris·

447 2951 495 2992 e.
