1951 3720
356 220 489 310 184
714 222 964 289 CAII
1026 220 1430 290 PLINII

343 343 512 395 tarios
533 381 549 407 ‚
587 341 1026 413 intercidet-atque
1052 384 1065 408 ‚
1096 362 1168 399 ,ac
1210 358 1304 413 per
1342 345 1611 397 summum
1645 341 1800 396 nefa}

341 418 586 468 utemtur
634 419 880 470 adversus
919 420 1148 469 amicum
1190 418 1411 470 crimine
1456 419 1574 471 suo,
1645 417 1797 468 Fecit

342 489 697 555 pulcherrime
723 492 1075 548 Caesar.,Non
1093 493 1237 542 enim
1268 494 1339 543 de
1362 493 1648 543 Bruttiano
1667 529 1683 552 ‚
1713 490 1796 541 sed

341 560 515 612 statim
551 564 614 614 de
650 565 891 616 Atticino
931 565 1259 633 perrogavit.
1304 566 1603 616 Damnatus
1644 565 1703 614 δε
1745 562 1799 613 in

342 631 569 686 insulam
603 639 862 704 relegatus
891 656 905 690 z
946 638 1224 689 Bruttiano
1260 636 1607 700 justissimum
1647 637 1797 686 inte-

342 707 551 775 gtitatis
601 708 961 761 testimonium
1015 711 1274 762 redditum
1300 750 1314 773 ,
1362 728 1521 777 quem
1570 711 1819 777 quidem·-

342 780 505 836 etiam
529 781 830 836 constantiae
855 783 1027 851 gloria
1045 784 1218 835 secuta
1252 783 1340 835 est.
1379 782 1795 834 Nam-defensus

343 853 781 919 expeditissime,
820 857 1083 907 accusavit
1113 857 1458 908 vehementer
1487 875 1503 914 ·,
1547 871 1647 906 nec
1683 853 1796 904 rni-

344 925 445 977 nus
469 943 587 977 acer
602 965 616 988 ‚
632 926 790 994 quam
812 929 984 980 bonus
1008 930 1060 979 δε
1080 930 1314 980 sincerus
1329 930 1601 995 apparuit„
1627 926 1797 992 Quod

342 997 441 1049 tibi
477 1000 697 1067 scripsi,
729 1015 790 1051 ut
825 1016 877 1052 te
911 1002 1160 1054 sortitum
1193 1002 1526 1069 provinciam
1564 1016 1795 1067 praerno-

343 1085 528 1122 nerem
549 1110 566 1134 ‚
601 1072 891 1139 plurimum
912 1075 1008 1125 tibi
1039 1077 1254 1138 credas,
1281 1092 1377 1126 nec
1396 1076 1645 1141 cuiquam
1667 1071 1793 1124 satis

345 1141 514 1204 fidas·‚
549 1145 736 1197 deinde
760 1146 924 1209 scias,
953 1147 1001 1198 si
1039 1149 1157 1215 quis
1194 1146 1333 1200 fort'e
1363 1163 1415 1199 te
1436 1187 1451 1211 ,
1485 1150 1633 1214 quod
1661 1151 1792 1196 abo·

345 1216 528 1269 minor
548 1256 563 1280 ‚
591 1218 735 1273 fallat
757 1258 772 1282 ‚
803 1235 1037 1286 paratam
1061 1220 1322 1280 ultionem
1349 1259 1364 1283 ‚
1396 1221 1500 1288 qua
1524 1235 1711 1270 tamen
1732 1235 1792 1270 ne

347 1290 422 1343 sit
444 1308 607 1357 opuS,
628 1291 787 1343 etiam
812 1308 968 1360 atque
988 1294 1149 1345 etiam
1173 1296 1399 1345 attende.
1437 1295 1626 1360 Neque
1646 1291 1794 1343 enimv

346 1376 458 1414 tam
492 1362 778 1427 jucundum
808 1365 881 1417 est
904 1366 1169 1419 vindicari
1193 1405 1208 1431 ,
1247 1366 1404 1435 quam
1428 1366 1606 1433 decipi
1634 1365 1795 1416 mise·

348 1453 486 1489 rum.
536 1438 693 1491 Vale.

402 1556 650 1611 XXIII.
702 1558 1035 1613 Pmmus
1075 1560 1434 1612 TRIAnlo
1488 1573 1637 1612 suo
1680 1537 1736 1613 ὲ.

350 1654 547 1724 Causam
591 1672 879 1724 recepturum
911 1654 966 1724 se
1006 1658 1270 1726 pollicetur
1320 1659 1377 1709 ειί
1426 1659 1527 1726 lege
1548 1691 1566 1719 ,
1603 1675 1657 1708 ut
1696 1675 1794 1708 eam

451 1751 608 1820 secum
646 1770 758 1822 agat
801 1753 1057 1804 Cremutius
1082 1754 1301 1819 juvenis,
1337 1771 1466 1820 quem
1498 1756 1688 1805 laudat·

353 1840 404 1934 I
424 1877 669 1930 MPENSE
706 1876 878 1943 petis,
915 1891 977 1928 ut
1006 1893 1155 1946 agam
1189 1877 1394 1928 causam
1433 1876 1785 1944 pertinentem

352 1953 418 2001 ad
453 1967 629 2001 curam
654 1965 798 2000 tuam
820 1988 835 2012 ‚
867 1952 1136 2017 pulchram
1161 1950 1401 2017 alioquin
1435 1952 1488 2002 δι
1506 1950 1781 2002 famosam:

351 2021 544 2076 faciam
566 2062 580 2085 ,
604 2024 692 2074 sed
710 2039 821 2073 non
850 2023 1030 2090 gratis.
1070 2024 1179 2088 Qui
1204 2022 1319 2074 fieri
1343 2020 1544 2090 potest,
1578 2023 1782 2091 inqui5‚

351 2110 413 2147 ut
450 2112 563 2147 non
598 2095 757 2163 gratis
791 2097 888 2147 tu?
928 2095 1120 2146 Potest.
1159 2096 1385 2164 Exigam
1412 2096 1562 2147 enim
1592 2113 1782 2148 merce·

352 2170 475 2220 dem
508 2167 872 2219 honestiorem¹
890 2168 1122 2236 gratuito
1140 2169 1466 2234 patrocinio.
1514 2170 1648 2220 Peto
1674 2209 1689 2233 ‚
1720 2184 1783 2223 at.-

354 2258 460 2309 que
498 2242 662 2293 etiam
709 2240 945 2307 paciscor
967 2280 982 2304 ‚
1013 2255 1073 2292 ut
1121 2242 1281 2293 simul
1324 2257 1442 2310 agat
1489 2241 1779 2293 Cremutius

354 2315 520 2367 Ruso·
553 2313 786 2365 Solitum
818 2313 923 2364 hoc
947 2312 1080 2364 mihi
1101 2353 1116 2374 ‚
1143 2313 1319 2379 &jam
1341 2314 1397 2364 in
1427 2314 1668 2382 pluribus
1689 2317 1779 2365 cla-

354 2386 427 2439 ris
465 2387 877 2438 adolescentibus
914 2386 1224 2440 factitatum.
1267 2389 1404 2438 Nam
1436 2386 1570 2440 mire
1597 2404 1780 2440 concu-

353 2460 503 2528 pisco
525 2499 539 2523 ‚
577 2461 752 2512 bonos
779 2457 1003 2524 juvenes
1035 2459 1302 2512 ostendere
1339 2461 1461 2512 foro
1483 2499 1497 2523 ‚
1531 2460 1781 2529 assignare

356 2534 529 2586 famae.
563 2533 726 2597 Quod
744 2532 790 2583 si
815 2534 899 2583 cui
922 2573 935 2596 ‚
962 2532 1200 2600 proestare
1220 2533 1423 2584 Rusoni
1445 2550 1569 2585 meo
1591 2535 1777 2594 debeo,

275 2624 277 2626 ’
351 2608 449 2663 ,vel
475 2620 691 2673 propter
723 2609 923 2658 natales
946 2606 1113 2672 ipsius
1139 2645 1161 2669 ,
1190 2609 1274 2657 vel
1304 2621 1522 2672 propter
1541 2606 1775 2658 eximiam

279 2684 286 2691 “
359 2679 468 2735 mei
510 2677 814 2737 caritatems
852 2696 1012 2747 quem
1051 2679 1230 2747 magni
1269 2679 1470 2730 aestimo
1513 2680 1571 2730 in
1610 2680 1773 2730 iisdem

358 2749 571 2816 judiciis
594 2791 609 2812 ‚
644 2768 713 2801 ex
742 2751 926 2804 iisdem
950 2751 1107 2803 etiam
1134 2752 1366 2819 partibus
1392 2752 1628 2818 conspici
1652 2792 1666 2813 ,
1703 2768 1776 2801 au„

360 2825 489 2880 diri.
545 2823 740 2894 Obliga
777 2842 863 2877 me
883 2865 900 2889 ,
932 2825 1109 2895 obliga
1140 2840 1421 2894 antequam
1458 2825 1637 2885 dicat·²
1669 2838 1779 2875 nam
