<?xml version="1.0" encoding="UTF-8"?>
<!DOCTYPE html PUBLIC "-//W3C//DTD XHTML 1.0 Transitional//EN"
    "http://www.w3.org/TR/xhtml1/DTD/xhtml1-transitional.dtd">
<html xmlns="http://www.w3.org/1999/xhtml" xml:lang="en" lang="en">
 <head>
  <title>
</title>
<meta http-equiv="Content-Type" content="text/html;charset=utf-8" />
  <meta name='ocr-system' content='tesseract 3.04.00' />
  <meta name='ocr-capabilities' content='ocr_page ocr_carea ocr_par ocr_line ocrx_word'/>
</head>
<body>
  <div class='ocr_page' id='page_1' title='image "./panegyricus00lallgoog_0274.png"; bbox 0 0 1951 3720; ppageno 0'>
   <div class='ocr_carea' id='block_1_1' title="bbox 397 324 1489 416">
    <p class='ocr_par' dir='ltr' id='par_1_1' title="bbox 397 324 1489 416">
     <span class='ocr_line' id='line_1_1' title="bbox 397 324 1489 416; baseline -0.004 -20"><span class='ocrx_word' id='word_1_1' title='bbox 397 328 534 416; x_wconf 81' lang='lat'>246</span> <span class='ocrx_word' id='word_1_2' title='bbox 712 324 982 394; x_wconf 80' lang='lat' dir='ltr'><em>CAII</em></span> <span class='ocrx_word' id='word_1_3' title='bbox 1061 325 1489 393; x_wconf 78' lang='grc' dir='ltr'><em>ΡιιΝιι</em></span> 
     </span>
    </p>
   </div>
   <div class='ocr_carea' id='block_1_2' title="bbox 344 441 1824 3013">
    <p class='ocr_par' dir='ltr' id='par_1_2' title="bbox 344 441 1824 3013">
     <span class='ocr_line' id='line_1_2' title="bbox 396 441 1788 517; baseline 0.001 -18"><span class='ocrx_word' id='word_1_4' title='bbox 396 465 483 500; x_wconf 83' lang='lat' dir='ltr'>ces</span> <span class='ocrx_word' id='word_1_5' title='bbox 515 447 573 500; x_wconf 86' lang='lat' dir='ltr'>in</span> <span class='ocrx_word' id='word_1_6' title='bbox 596 447 972 502; x_wconf 74' lang='lat' dir='ltr'>hanecansam</span> <span class='ocrx_word' id='word_1_7' title='bbox 1008 448 1160 499; x_wconf 72' lang='lat' dir='ltr'>datos</span> <span class='ocrx_word' id='word_1_8' title='bbox 1202 441 1340 499; x_wconf 61' lang='lat' dir='ltr'>effer</span> <span class='ocrx_word' id='word_1_9' title='bbox 1371 448 1561 500; x_wconf 85' lang='lat' dir='ltr'>horum</span> <span class='ocrx_word' id='word_1_10' title='bbox 1593 444 1680 499; x_wconf 80' lang='lat' dir='ltr'>uni</span> <span class='ocrx_word' id='word_1_11' title='bbox 1705 448 1788 517; x_wconf 79' lang='lat' dir='ltr'>pla·</span> 
     </span>
     <span class='ocr_line' id='line_1_3' title="bbox 397 520 1789 591; baseline 0 -17"><span class='ocrx_word' id='word_1_12' title='bbox 397 520 559 575; x_wconf 84' lang='lat' dir='ltr'>cuiffe</span> <span class='ocrx_word' id='word_1_13' title='bbox 596 521 770 589; x_wconf 84' lang='lat' dir='ltr'>perire</span> <span class='ocrx_word' id='word_1_14' title='bbox 803 521 1029 573; x_wconf 84' lang='lat' dir='ltr'>libertos</span> <span class='ocrx_word' id='word_1_15' title='bbox 1049 560 1066 584; x_wconf 89' lang='lat'><strong>‚</strong></span> <span class='ocrx_word' id='word_1_16' title='bbox 1089 521 1241 572; x_wconf 86' lang='lat' dir='ltr'>alteri</span> <span class='ocrx_word' id='word_1_17' title='bbox 1263 522 1482 591; x_wconf 88' lang='lat' dir='ltr'>relegari</span> <span class='ocrx_word' id='word_1_18' title='bbox 1505 560 1519 584; x_wconf 87' lang='lat'>,</span> <span class='ocrx_word' id='word_1_19' title='bbox 1552 521 1701 573; x_wconf 80' lang='lat' dir='ltr'>tertio</span> <span class='ocrx_word' id='word_1_20' title='bbox 1728 525 1789 575; x_wconf 81' lang='lat' dir='ltr'>ab·</span> 
     </span>
     <span class='ocr_line' id='line_1_4' title="bbox 395 593 1791 657; baseline 0.001 -11"><span class='ocrx_word' id='word_1_21' title='bbox 395 596 539 656; x_wconf 75' lang='lat' dir='ltr'>solvi</span> <span class='ocrx_word' id='word_1_22' title='bbox 570 614 584 647; x_wconf 68' lang='grc' dir='ltr'><strong><em>ι</em></strong></span> <span class='ocrx_word' id='word_1_23' title='bbox 627 609 876 647; x_wconf 84' lang='lat' dir='ltr'>utrumne</span> <span class='ocrx_word' id='word_1_24' title='bbox 920 593 1199 646; x_wconf 73' lang='lat' dir='ltr'>sententiae</span> <span class='ocrx_word' id='word_1_25' title='bbox 1253 596 1368 646; x_wconf 79' lang='lat' dir='ltr'>duae</span> <span class='ocrx_word' id='word_1_26' title='bbox 1400 634 1414 657; x_wconf 89' lang='lat'>,</span> <span class='ocrx_word' id='word_1_27' title='bbox 1452 594 1654 646; x_wconf 84' lang='lat' dir='ltr'>collatis</span> <span class='ocrx_word' id='word_1_28' title='bbox 1685 594 1791 647; x_wconf 82' lang='lat' dir='ltr'>viri·</span> 
     </span>
     <span class='ocr_line' id='line_1_5' title="bbox 399 667 1792 735; baseline -0.001 -13"><span class='ocrx_word' id='word_1_29' title='bbox 399 669 497 722; x_wconf 85' lang='lat' dir='ltr'>bus</span> <span class='ocrx_word' id='word_1_30' title='bbox 518 706 535 729; x_wconf 82' lang='lat'>‚</span> <span class='ocrx_word' id='word_1_31' title='bbox 572 667 929 722; x_wconf 80' lang='lat' dir='ltr'>novissimam</span> <span class='ocrx_word' id='word_1_32' title='bbox 964 669 1232 735; x_wconf 78' lang='lat' dir='ltr'>periment</span> <span class='ocrx_word' id='word_1_33' title='bbox 1255 678 1287 730; x_wconf 88' lang='lat'>‚·</span> <span class='ocrx_word' id='word_1_34' title='bbox 1306 684 1374 719; x_wconf 84' lang='lat' dir='ltr'>an</span> <span class='ocrx_word' id='word_1_35' title='bbox 1404 667 1671 735; x_wconf 84' lang='lat' dir='ltr'>separatim</span> <span class='ocrx_word' id='word_1_36' title='bbox 1689 685 1792 720; x_wconf 83' lang='lat' dir='ltr'><strong>una·</strong></span> 
     </span>
     <span class='ocr_line' id='line_1_6' title="bbox 400 741 1795 810; baseline 0.001 -17"><span class='ocrx_word' id='word_1_37' title='bbox 400 758 623 809; x_wconf 59' lang='lat' dir='ltr'>quaeqtre</span> <span class='ocrx_word' id='word_1_38' title='bbox 644 741 974 793; x_wconf 79' lang='lat' dir='ltr'><strong>tantumdem</strong></span> <span class='ocrx_word' id='word_1_39' title='bbox 990 779 1007 803; x_wconf 88' lang='lat'><strong>‚</strong></span> <span class='ocrx_word' id='word_1_40' title='bbox 1026 753 1283 810; x_wconf 80' lang='lat' dir='ltr'>quantum</span> <span class='ocrx_word' id='word_1_41' title='bbox 1300 742 1464 793; x_wconf 86' lang='lat' dir='ltr'>altera</span> <span class='ocrx_word' id='word_1_42' title='bbox 1485 741 1703 794; x_wconf 78' lang='lat' dir='ltr'>valebit?</span> <span class='ocrx_word' id='word_1_43' title='bbox 1720 758 1795 794; x_wconf 87' lang='lat' dir='ltr'>nee</span> 
     </span>
     <span class='ocr_line' id='line_1_7' title="bbox 401 814 1797 883; baseline 0 -18"><span class='ocrx_word' id='word_1_44' title='bbox 401 815 572 883; x_wconf 84' lang='lat' dir='ltr'>magis</span> <span class='ocrx_word' id='word_1_45' title='bbox 624 814 828 880; x_wconf 87' lang='lat' dir='ltr'>poterit</span> <span class='ocrx_word' id='word_1_46' title='bbox 885 830 1009 865; x_wconf 85' lang='lat' dir='ltr'>cum</span> <span class='ocrx_word' id='word_1_47' title='bbox 1062 814 1283 867; x_wconf 83' lang='lat' dir='ltr'>secunda</span> <span class='ocrx_word' id='word_1_48' title='bbox 1329 814 1503 883; x_wconf 83' lang='lat' dir='ltr'>prima</span> <span class='ocrx_word' id='word_1_49' title='bbox 1555 814 1765 866; x_wconf 72' lang='lat' dir='ltr'>conneffi</span> <span class='ocrx_word' id='word_1_50' title='bbox 1783 853 1797 877; x_wconf 84' lang='lat'><strong>‚</strong></span> 
     </span>
     <span class='ocr_line' id='line_1_8' title="bbox 403 886 1798 958; baseline 0 -19"><span class='ocrx_word' id='word_1_51' title='bbox 403 887 563 954; x_wconf 71' lang='lat' dir='ltr'>quiim</span> <span class='ocrx_word' id='word_1_52' title='bbox 592 886 815 940; x_wconf 78' lang='lat' dir='ltr'>secunda</span> <span class='ocrx_word' id='word_1_53' title='bbox 846 903 969 939; x_wconf 90' lang='lat' dir='ltr'>cum</span> <span class='ocrx_word' id='word_1_54' title='bbox 989 887 1145 939; x_wconf 82' lang='lat' dir='ltr'>tertia</span> <span class='ocrx_word' id='word_1_55' title='bbox 1168 890 1190 940; x_wconf 72' lang='grc' dir='ltr'>Ξ·</span> <span class='ocrx_word' id='word_1_56' title='bbox 1228 887 1396 958; x_wconf 83' lang='lat' dir='ltr'><strong>Igitur</strong></span> <span class='ocrx_word' id='word_1_57' title='bbox 1426 888 1485 939; x_wconf 84' lang='lat' dir='ltr'>in</span> <span class='ocrx_word' id='word_1_58' title='bbox 1507 888 1676 939; x_wconf 84' lang='lat' dir='ltr'>senatu</span> <span class='ocrx_word' id='word_1_59' title='bbox 1692 904 1798 956; x_wconf 87' lang='lat' dir='ltr'>quo-</span> 
     </span>
     <span class='ocr_line' id='line_1_9' title="bbox 404 959 1798 1029; baseline 0.001 -19"><span class='ocrx_word' id='word_1_60' title='bbox 404 975 508 1027; x_wconf 90' lang='lat' dir='ltr'>que</span> <span class='ocrx_word' id='word_1_61' title='bbox 548 959 814 1013; x_wconf 81' lang='lat' dir='ltr'>numerari</span> <span class='ocrx_word' id='word_1_62' title='bbox 847 975 1120 1029; x_wconf 82' lang='lat' dir='ltr'>tamquam</span> <span class='ocrx_word' id='word_1_63' title='bbox 1158 960 1436 1013; x_wconf 80' lang='lat' dir='ltr'>contrariae</span> <span class='ocrx_word' id='word_1_64' title='bbox 1464 962 1649 1013; x_wconf 87' lang='lat' dir='ltr'>debent</span> <span class='ocrx_word' id='word_1_65' title='bbox 1666 1000 1679 1023; x_wconf 90' lang='lat'>,</span> <span class='ocrx_word' id='word_1_66' title='bbox 1712 978 1798 1029; x_wconf 81' lang='lat' dir='ltr'>quae</span> 
     </span>
     <span class='ocr_line' id='line_1_10' title="bbox 405 1032 1801 1102; baseline 0.001 -19"><span class='ocrx_word' id='word_1_67' title='bbox 405 1046 677 1101; x_wconf 82' lang='lat' dir='ltr'>tamquam</span> <span class='ocrx_word' id='word_1_68' title='bbox 707 1032 928 1086; x_wconf 78' lang='lat' dir='ltr'>diversae</span> <span class='ocrx_word' id='word_1_69' title='bbox 965 1033 1230 1087; x_wconf 87' lang='lat' dir='ltr'>dicuntur.</span> <span class='ocrx_word' id='word_1_70' title='bbox 1278 1033 1441 1100; x_wconf 78' lang='lat' dir='ltr'>Quod</span> <span class='ocrx_word' id='word_1_71' title='bbox 1465 1033 1512 1085; x_wconf 89' lang='lat' dir='ltr'>si</span> <span class='ocrx_word' id='word_1_72' title='bbox 1529 1050 1658 1085; x_wconf 86' lang='lat' dir='ltr'>unus</span> <span class='ocrx_word' id='word_1_73' title='bbox 1679 1048 1801 1102; x_wconf 84' lang='lat' dir='ltr'>atque</span> 
     </span>
     <span class='ocr_line' id='line_1_11' title="bbox 402 1104 1801 1177; baseline 0.001 -21"><span class='ocrx_word' id='word_1_74' title='bbox 402 1104 544 1157; x_wconf 89' lang='lat' dir='ltr'>idem</span> <span class='ocrx_word' id='word_1_75' title='bbox 579 1107 632 1159; x_wconf 73' lang='grc' dir='ltr'>δι</span> <span class='ocrx_word' id='word_1_76' title='bbox 665 1107 961 1175; x_wconf 84' lang='lat' dir='ltr'>perdendos</span> <span class='ocrx_word' id='word_1_77' title='bbox 997 1107 1234 1160; x_wconf 75' lang='lat' dir='ltr'>censeret</span> <span class='ocrx_word' id='word_1_78' title='bbox 1264 1108 1656 1177; x_wconf 74' lang='lat' dir='ltr'>&amp;relegandos</span> <span class='ocrx_word' id='word_1_79' title='bbox 1671 1146 1684 1169; x_wconf 90' lang='lat'>,</span> <span class='ocrx_word' id='word_1_80' title='bbox 1705 1123 1801 1159; x_wconf 86' lang='lat' dir='ltr'>num</span> 
     </span>
     <span class='ocr_line' id='line_1_12' title="bbox 405 1179 1803 1249; baseline -0.001 -17"><span class='ocrx_word' id='word_1_81' title='bbox 405 1195 476 1232; x_wconf 83' lang='lat' dir='ltr'>ex</span> <span class='ocrx_word' id='word_1_82' title='bbox 506 1179 767 1233; x_wconf 83' lang='lat' dir='ltr'>sententia</span> <span class='ocrx_word' id='word_1_83' title='bbox 795 1179 954 1232; x_wconf 83' lang='lat' dir='ltr'>unius</span> <span class='ocrx_word' id='word_1_84' title='bbox 986 1180 1040 1231; x_wconf 89' lang='lat'>&amp;</span> <span class='ocrx_word' id='word_1_85' title='bbox 1073 1180 1248 1249; x_wconf 88' lang='lat' dir='ltr'>perire</span> <span class='ocrx_word' id='word_1_86' title='bbox 1271 1179 1483 1248; x_wconf 77' lang='lat' dir='ltr'>poss‘ent</span> <span class='ocrx_word' id='word_1_87' title='bbox 1514 1182 1567 1232; x_wconf 79' lang='grc' dir='ltr'>ὅτ.</span> <span class='ocrx_word' id='word_1_88' title='bbox 1594 1179 1803 1249; x_wconf 80' lang='lat' dir='ltr'>relegari?</span> 
     </span>
     <span class='ocr_line' id='line_1_13' title="bbox 405 1251 1802 1322; baseline 0.001 -19"><span class='ocrx_word' id='word_1_89' title='bbox 405 1268 534 1305; x_wconf 84' lang='lat' dir='ltr'>num</span> <span class='ocrx_word' id='word_1_90' title='bbox 570 1253 798 1322; x_wconf 87' lang='lat' dir='ltr'>denique</span> <span class='ocrx_word' id='word_1_91' title='bbox 837 1251 1065 1305; x_wconf 84' lang='lat' dir='ltr'>omnino</span> <span class='ocrx_word' id='word_1_92' title='bbox 1102 1270 1210 1306; x_wconf 84' lang='lat' dir='ltr'>una</span> <span class='ocrx_word' id='word_1_93' title='bbox 1248 1254 1510 1307; x_wconf 85' lang='lat' dir='ltr'>sententia</span> <span class='ocrx_word' id='word_1_94' title='bbox 1544 1268 1802 1321; x_wconf 84' lang='lat' dir='ltr'>putaretur,</span> 
     </span>
     <span class='ocr_line' id='line_1_14' title="bbox 407 1324 1804 1396; baseline -0.001 -17"><span class='ocrx_word' id='word_1_95' title='bbox 407 1343 526 1394; x_wconf 82' lang='lat' dir='ltr'>quae</span> <span class='ocrx_word' id='word_1_96' title='bbox 563 1340 672 1378; x_wconf 84' lang='lat' dir='ltr'>tam</span> <span class='ocrx_word' id='word_1_97' title='bbox 708 1326 916 1380; x_wconf 83' lang='lat' dir='ltr'>diversa</span> <span class='ocrx_word' id='word_1_98' title='bbox 949 1324 1344 1396; x_wconf 77' lang='lat' dir='ltr'>conjungeret?</span> <span class='ocrx_word' id='word_1_99' title='bbox 1389 1327 1804 1393; x_wconf 83' lang='lat' dir='ltr'>Quemadmodum</span> 
     </span>
     <span class='ocr_line' id='line_1_15' title="bbox 407 1398 1807 1469; baseline 0.001 -19"><span class='ocrx_word' id='word_1_100' title='bbox 407 1398 573 1468; x_wconf 87' lang='lat' dir='ltr'>igitur</span> <span class='ocrx_word' id='word_1_101' title='bbox 595 1440 610 1463; x_wconf 83' lang='lat'>,</span> <span class='ocrx_word' id='word_1_102' title='bbox 641 1417 805 1469; x_wconf 89' lang='lat' dir='ltr'>quum</span> <span class='ocrx_word' id='word_1_103' title='bbox 824 1402 957 1452; x_wconf 89' lang='lat' dir='ltr'>alter</span> <span class='ocrx_word' id='word_1_104' title='bbox 975 1401 1275 1469; x_wconf 80' lang='lat' dir='ltr'>puniendos</span> <span class='ocrx_word' id='word_1_105' title='bbox 1297 1439 1312 1463; x_wconf 88' lang='lat'>‚</span> <span class='ocrx_word' id='word_1_106' title='bbox 1328 1402 1474 1452; x_wconf 71' lang='lat' dir='ltr'>alter</span> <span class='ocrx_word' id='word_1_107' title='bbox 1491 1400 1689 1452; x_wconf 84' lang='lat' dir='ltr'>censeat</span> <span class='ocrx_word' id='word_1_108' title='bbox 1704 1401 1807 1451; x_wconf 88' lang='lat' dir='ltr'>rele-</span> 
     </span>
     <span class='ocr_line' id='line_1_16' title="bbox 411 1472 1805 1542; baseline 0 -19"><span class='ocrx_word' id='word_1_109' title='bbox 411 1474 611 1542; x_wconf 77' lang='lat' dir='ltr'>gandos</span> <span class='ocrx_word' id='word_1_110' title='bbox 635 1512 651 1537; x_wconf 81' lang='lat'>,</span> <span class='ocrx_word' id='word_1_111' title='bbox 682 1473 857 1526; x_wconf 85' lang='lat' dir='ltr'>videri</span> <span class='ocrx_word' id='word_1_112' title='bbox 887 1473 1063 1541; x_wconf 84' lang='lat' dir='ltr'>potest</span> <span class='ocrx_word' id='word_1_113' title='bbox 1083 1491 1188 1525; x_wconf 82' lang='lat' dir='ltr'>una</span> <span class='ocrx_word' id='word_1_114' title='bbox 1207 1472 1469 1525; x_wconf 86' lang='lat' dir='ltr'>sententia</span> <span class='ocrx_word' id='word_1_115' title='bbox 1484 1513 1499 1537; x_wconf 94' lang='lat'>‚</span> <span class='ocrx_word' id='word_1_116' title='bbox 1526 1491 1638 1542; x_wconf 83' lang='lat' dir='ltr'>quae</span> <span class='ocrx_word' id='word_1_117' title='bbox 1659 1472 1805 1525; x_wconf 84' lang='lat' dir='ltr'>dicitur</span> 
     </span>
     <span class='ocr_line' id='line_1_17' title="bbox 358 1546 1806 1615; baseline -0.004 -14"><span class='ocrx_word' id='word_1_118' title='bbox 358 1561 361 1566; x_wconf 86' lang='lat'>&#39;</span> <span class='ocrx_word' id='word_1_119' title='bbox 412 1562 444 1601; x_wconf 76' lang='lat' dir='ltr'>a</span> <span class='ocrx_word' id='word_1_120' title='bbox 480 1548 683 1600; x_wconf 86' lang='lat' dir='ltr'>duobus</span> <span class='ocrx_word' id='word_1_121' title='bbox 706 1587 723 1612; x_wconf 86' lang='lat'>‚</span> <span class='ocrx_word' id='word_1_122' title='bbox 764 1564 882 1615; x_wconf 80' lang='lat' dir='ltr'>quae</span> <span class='ocrx_word' id='word_1_123' title='bbox 910 1563 1025 1598; x_wconf 85' lang='lat' dir='ltr'>non</span> <span class='ocrx_word' id='word_1_124' title='bbox 1061 1547 1334 1599; x_wconf 80' lang='lat' dir='ltr'>videretur</span> <span class='ocrx_word' id='word_1_125' title='bbox 1372 1564 1479 1599; x_wconf 83' lang='lat' dir='ltr'>una</span> <span class='ocrx_word' id='word_1_126' title='bbox 1501 1586 1517 1610; x_wconf 89' lang='lat'>‚</span> <span class='ocrx_word' id='word_1_127' title='bbox 1568 1546 1613 1599; x_wconf 87' lang='lat' dir='ltr'>si</span> <span class='ocrx_word' id='word_1_128' title='bbox 1639 1548 1695 1598; x_wconf 88' lang='lat' dir='ltr'>ab</span> <span class='ocrx_word' id='word_1_129' title='bbox 1725 1560 1806 1597; x_wconf 87' lang='lat' dir='ltr'>uno</span> 
     </span>
     <span class='ocr_line' id='line_1_18' title="bbox 411 1616 1809 1692; baseline -0.003 -21"><span class='ocrx_word' id='word_1_130' title='bbox 411 1618 715 1674; x_wconf 80' lang='lat' dir='ltr'>diceretur?</span> <span class='ocrx_word' id='word_1_131' title='bbox 760 1620 951 1692; x_wconf 69' lang='lat' dir='ltr'>Quid?</span> <span class='ocrx_word' id='word_1_132' title='bbox 984 1622 1077 1672; x_wconf 86' lang='lat' dir='ltr'>lex</span> <span class='ocrx_word' id='word_1_133' title='bbox 1116 1638 1229 1673; x_wconf 84' lang='lat' dir='ltr'>non</span> <span class='ocrx_word' id='word_1_134' title='bbox 1268 1618 1453 1688; x_wconf 76' lang='lat' dir='ltr'>aperte</span> <span class='ocrx_word' id='word_1_135' title='bbox 1489 1621 1641 1672; x_wconf 89' lang='lat' dir='ltr'>docet</span> <span class='ocrx_word' id='word_1_136' title='bbox 1671 1616 1809 1671; x_wconf 87' lang='lat' dir='ltr'>dirimi</span> 
     </span>
     <span class='ocr_line' id='line_1_19' title="bbox 412 1693 1810 1763; baseline -0.001 -19"><span class='ocrx_word' id='word_1_137' title='bbox 412 1693 602 1745; x_wconf 85' lang='lat' dir='ltr'>debere</span> <span class='ocrx_word' id='word_1_138' title='bbox 624 1693 909 1752; x_wconf 80' lang='lat' dir='ltr'>sententias</span> <span class='ocrx_word' id='word_1_139' title='bbox 940 1693 1234 1746; x_wconf 87' lang='lat' dir='ltr'>occidentis</span> <span class='ocrx_word' id='word_1_140' title='bbox 1260 1694 1313 1745; x_wconf 87' lang='lat'>&amp;</span> <span class='ocrx_word' id='word_1_141' title='bbox 1342 1693 1624 1763; x_wconf 69' lang='lat' dir='ltr'>relegentis</span> <span class='ocrx_word' id='word_1_142' title='bbox 1642 1731 1656 1755; x_wconf 85' lang='lat'>‚</span> <span class='ocrx_word' id='word_1_143' title='bbox 1685 1707 1810 1761; x_wconf 89' lang='lat' dir='ltr'><strong>quum</strong></span> 
     </span>
     <span class='ocr_line' id='line_1_20' title="bbox 415 1764 1812 1839; baseline -0.004 -20"><span class='ocrx_word' id='word_1_144' title='bbox 415 1765 493 1820; x_wconf 85' lang='lat' dir='ltr'>ita</span> <span class='ocrx_word' id='word_1_145' title='bbox 525 1766 911 1821; x_wconf 84' lang='lat' dir='ltr'>discessionem·</span> <span class='ocrx_word' id='word_1_146' title='bbox 934 1765 1054 1818; x_wconf 82' lang='lat' dir='ltr'>fieri</span> <span class='ocrx_word' id='word_1_147' title='bbox 1082 1766 1261 1832; x_wconf 77' lang='lat' dir='ltr'>jubetz</span> <span class='ocrx_word' id='word_1_148' title='bbox 1306 1767 1405 1839; x_wconf 76' lang='lat' dir='ltr'>Qui</span> <span class='ocrx_word' id='word_1_149' title='bbox 1426 1770 1523 1818; x_wconf 76' lang='lat' dir='ltr'>haec</span> <span class='ocrx_word' id='word_1_150' title='bbox 1550 1765 1750 1835; x_wconf 77' lang='lat' dir='ltr'>sentitis,</span> <span class='ocrx_word' id='word_1_151' title='bbox 1778 1764 1812 1813; x_wconf 82' lang='lat' dir='ltr'>in</span> 
     </span>
     <span class='ocr_line' id='line_1_21' title="bbox 413 1842 1812 1910; baseline -0.002 -19"><span class='ocrx_word' id='word_1_152' title='bbox 413 1842 535 1892; x_wconf 74' lang='lat' dir='ltr'>hanc</span> <span class='ocrx_word' id='word_1_153' title='bbox 571 1858 752 1909; x_wconf 78' lang='lat' dir='ltr'>partem</span> <span class='ocrx_word' id='word_1_154' title='bbox 778 1858 795 1892; x_wconf 92' lang='grc'>.·</span> <span class='ocrx_word' id='word_1_155' title='bbox 834 1842 913 1908; x_wconf 80' lang='lat' dir='ltr'>qui</span> <span class='ocrx_word' id='word_1_156' title='bbox 953 1842 1056 1891; x_wconf 77' lang='lat' dir='ltr'>alia</span> <span class='ocrx_word' id='word_1_157' title='bbox 1091 1844 1249 1894; x_wconf 82' lang='lat' dir='ltr'>omnia</span> <span class='ocrx_word' id='word_1_158' title='bbox 1267 1877 1282 1901; x_wconf 90' lang='lat'>,</span> <span class='ocrx_word' id='word_1_159' title='bbox 1322 1842 1372 1892; x_wconf 79' lang='lat' dir='ltr'>in</span> <span class='ocrx_word' id='word_1_160' title='bbox 1402 1842 1543 1892; x_wconf 82' lang='lat' dir='ltr'>illam</span> <span class='ocrx_word' id='word_1_161' title='bbox 1572 1842 1812 1910; x_wconf 70' lang='lat' dir='ltr'>partemin</span> 
     </span>
     <span class='ocr_line' id='line_1_22' title="bbox 418 1912 1812 1986; baseline 0 -23"><span class='ocrx_word' id='word_1_162' title='bbox 418 1916 513 1982; x_wconf 71' lang='lat' dir='ltr'>qud</span> <span class='ocrx_word' id='word_1_163' title='bbox 533 1912 724 1980; x_wconf 75' lang='lat' dir='ltr'>sentitis</span> <span class='ocrx_word' id='word_1_164' title='bbox 743 1916 771 1966; x_wconf 68' lang='grc' dir='ltr'><em>Ρ</em></span> <span class='ocrx_word' id='word_1_165' title='bbox 802 1914 1062 1967; x_wconf 81' lang='lat' dir='ltr'>Examina</span> <span class='ocrx_word' id='word_1_166' title='bbox 1085 1915 1293 1986; x_wconf 85' lang='lat' dir='ltr'>singula</span> <span class='ocrx_word' id='word_1_167' title='bbox 1314 1916 1480 1967; x_wconf 82' lang='lat' dir='ltr'>verba</span> <span class='ocrx_word' id='word_1_168' title='bbox 1506 1915 1558 1966; x_wconf 72' lang='grc' dir='ltr'>δι</span> <span class='ocrx_word' id='word_1_169' title='bbox 1585 1913 1812 1982; x_wconf 86' lang='lat' dir='ltr'>expende,</span> 
     </span>
     <span class='ocr_line' id='line_1_23' title="bbox 425 1985 1814 2060; baseline -0.001 -23"><span class='ocrx_word' id='word_1_170' title='bbox 425 1987 526 2058; x_wconf 73' lang='lat' dir='ltr'>Qui</span> <span class='ocrx_word' id='word_1_171' title='bbox 564 1990 656 2041; x_wconf 67' lang='lat' dir='ltr'>hac</span> <span class='ocrx_word' id='word_1_172' title='bbox 691 1985 894 2055; x_wconf 79' lang='lat' dir='ltr'>censetis</span> <span class='ocrx_word' id='word_1_173' title='bbox 916 2021 931 2048; x_wconf 92' lang='lat'>,</span> <span class='ocrx_word' id='word_1_174' title='bbox 952 1989 1058 2041; x_wconf 89' lang='lat' dir='ltr'>hoc</span> <span class='ocrx_word' id='word_1_175' title='bbox 1094 1989 1168 2041; x_wconf 90' lang='lat' dir='ltr'>est</span> <span class='ocrx_word' id='word_1_176' title='bbox 1192 2029 1207 2052; x_wconf 83' lang='lat'>,</span> <span class='ocrx_word' id='word_1_177' title='bbox 1246 1988 1339 2058; x_wconf 90' lang='lat' dir='ltr'>qui</span> <span class='ocrx_word' id='word_1_178' title='bbox 1375 1990 1679 2060; x_wconf 85' lang='lat' dir='ltr'>relegandos</span> <span class='ocrx_word' id='word_1_179' title='bbox 1697 2000 1814 2054; x_wconf 81' lang='lat' dir='ltr'>puta·</span> 
     </span>
     <span class='ocr_line' id='line_1_24' title="bbox 419 2059 1815 2130; baseline -0.003 -19"><span class='ocrx_word' id='word_1_180' title='bbox 419 2060 491 2121; x_wconf 77' lang='lat' dir='ltr'>ris</span> <span class='ocrx_word' id='word_1_181' title='bbox 515 2078 528 2113; x_wconf 72' lang='grc' dir='ltr'><strong>ε</strong></span> <span class='ocrx_word' id='word_1_182' title='bbox 555 2062 603 2112; x_wconf 80' lang='lat' dir='ltr'>in</span> <span class='ocrx_word' id='word_1_183' title='bbox 625 2063 744 2113; x_wconf 78' lang='lat' dir='ltr'>hane</span> <span class='ocrx_word' id='word_1_184' title='bbox 770 2077 957 2130; x_wconf 78' lang='lat' dir='ltr'>partem</span> <span class='ocrx_word' id='word_1_185' title='bbox 977 2100 993 2125; x_wconf 88' lang='lat'>,</span> <span class='ocrx_word' id='word_1_186' title='bbox 1017 2061 1072 2114; x_wconf 88' lang='lat' dir='ltr'>id</span> <span class='ocrx_word' id='word_1_187' title='bbox 1101 2062 1204 2124; x_wconf 86' lang='lat' dir='ltr'>est,</span> <span class='ocrx_word' id='word_1_188' title='bbox 1226 2062 1284 2113; x_wconf 87' lang='lat' dir='ltr'>in</span> <span class='ocrx_word' id='word_1_189' title='bbox 1318 2077 1436 2114; x_wconf 86' lang='lat' dir='ltr'>eam</span> <span class='ocrx_word' id='word_1_190' title='bbox 1459 2101 1475 2124; x_wconf 88' lang='lat'>,</span> <span class='ocrx_word' id='word_1_191' title='bbox 1512 2062 1566 2112; x_wconf 87' lang='lat' dir='ltr'>in</span> <span class='ocrx_word' id='word_1_192' title='bbox 1590 2077 1683 2129; x_wconf 89' lang='lat' dir='ltr'>qua</span> <span class='ocrx_word' id='word_1_193' title='bbox 1708 2059 1815 2110; x_wconf 87' lang='lat' dir='ltr'>sedet</span> 
     </span>
     <span class='ocr_line' id='line_1_25' title="bbox 426 2129 1814 2204; baseline -0.004 -19"><span class='ocrx_word' id='word_1_194' title='bbox 426 2132 520 2201; x_wconf 88' lang='lat' dir='ltr'>qui</span> <span class='ocrx_word' id='word_1_195' title='bbox 556 2134 759 2187; x_wconf 84' lang='lat' dir='ltr'>censuit</span> <span class='ocrx_word' id='word_1_196' title='bbox 787 2136 1118 2204; x_wconf 77' lang='lat' dir='ltr'>relegandOS.</span> <span class='ocrx_word' id='word_1_197' title='bbox 1151 2137 1233 2187; x_wconf 79' lang='lat' dir='ltr'>Ex</span> <span class='ocrx_word' id='word_1_198' title='bbox 1272 2152 1381 2204; x_wconf 87' lang='lat' dir='ltr'>quo</span> <span class='ocrx_word' id='word_1_199' title='bbox 1401 2133 1718 2187; x_wconf 85' lang='lat' dir='ltr'>manifestum</span> <span class='ocrx_word' id='word_1_200' title='bbox 1736 2129 1814 2191; x_wconf 81' lang='lat' dir='ltr'>est,</span> 
     </span>
     <span class='ocr_line' id='line_1_26' title="bbox 423 2203 1814 2276; baseline -0.005 -13"><span class='ocrx_word' id='word_1_201' title='bbox 423 2222 536 2263; x_wconf 83' lang='lat' dir='ltr'>non</span> <span class='ocrx_word' id='word_1_202' title='bbox 558 2206 705 2275; x_wconf 83' lang='lat' dir='ltr'>poffe</span> <span class='ocrx_word' id='word_1_203' title='bbox 726 2209 787 2260; x_wconf 90' lang='lat' dir='ltr'>in</span> <span class='ocrx_word' id='word_1_204' title='bbox 816 2211 999 2261; x_wconf 82' lang='lat' dir='ltr'>eadem</span> <span class='ocrx_word' id='word_1_205' title='bbox 1020 2222 1167 2276; x_wconf 80' lang='lat' dir='ltr'>parte</span> <span class='ocrx_word' id='word_1_206' title='bbox 1203 2208 1476 2261; x_wconf 82' lang='lat' dir='ltr'>rematiere</span> <span class='ocrx_word' id='word_1_207' title='bbox 1496 2225 1590 2262; x_wconf 92' lang='lat' dir='ltr'>eos</span> <span class='ocrx_word' id='word_1_208' title='bbox 1610 2247 1624 2271; x_wconf 86' lang='lat'>‚</span> <span class='ocrx_word' id='word_1_209' title='bbox 1663 2204 1740 2274; x_wconf 90' lang='lat' dir='ltr'>qui</span> <span class='ocrx_word' id='word_1_210' title='bbox 1755 2203 1814 2254; x_wconf 90' lang='lat' dir='ltr'>in·</span> 
     </span>
     <span class='ocr_line' id='line_1_27' title="bbox 423 2277 1816 2354; baseline -0.003 -23"><span class='ocrx_word' id='word_1_211' title='bbox 423 2279 766 2335; x_wconf 82' lang='lat' dir='ltr'>terficiendos</span> <span class='ocrx_word' id='word_1_212' title='bbox 789 2282 1122 2335; x_wconf 80' lang='lat' dir='ltr'>arbitrantur.</span> <span class='ocrx_word' id='word_1_213' title='bbox 1167 2282 1267 2354; x_wconf 77' lang='lat' dir='ltr'>Qui</span> <span class='ocrx_word' id='word_1_214' title='bbox 1296 2283 1397 2332; x_wconf 82' lang='lat' dir='ltr'>alia</span> <span class='ocrx_word' id='word_1_215' title='bbox 1419 2284 1576 2332; x_wconf 77' lang='lat' dir='ltr'>omnia</span> <span class='ocrx_word' id='word_1_216' title='bbox 1594 2301 1613 2340; x_wconf 85' lang='lat'>,-</span> <span class='ocrx_word' id='word_1_217' title='bbox 1637 2277 1816 2332; x_wconf 86' lang='lat' dir='ltr'>animad-</span> 
     </span>
     <span class='ocr_line' id='line_1_28' title="bbox 424 2348 1815 2418; baseline -0.005 -9"><span class='ocrx_word' id='word_1_218' title='bbox 424 2354 593 2409; x_wconf 80' lang='lat' dir='ltr'>vertis</span> <span class='ocrx_word' id='word_1_219' title='bbox 616 2394 630 2418; x_wconf 84' lang='lat'><strong>‚</strong></span> <span class='ocrx_word' id='word_1_220' title='bbox 667 2370 727 2408; x_wconf 86' lang='lat' dir='ltr'>ut</span> <span class='ocrx_word' id='word_1_221' title='bbox 769 2372 882 2407; x_wconf 88' lang='lat' dir='ltr'>non</span> <span class='ocrx_word' id='word_1_222' title='bbox 918 2369 1170 2408; x_wconf 81' lang='lat' dir='ltr'>contenta</span> <span class='ocrx_word' id='word_1_223' title='bbox 1205 2356 1296 2408; x_wconf 57' lang='lat' dir='ltr'>le&amp;</span> <span class='ocrx_word' id='word_1_224' title='bbox 1328 2356 1502 2408; x_wconf 86' lang='lat' dir='ltr'>dicere</span> <span class='ocrx_word' id='word_1_225' title='bbox 1538 2356 1636 2404; x_wconf 84' lang='lat' dir='ltr'>alia</span> <span class='ocrx_word' id='word_1_226' title='bbox 1660 2392 1674 2416; x_wconf 85' lang='lat'>‚</span> <span class='ocrx_word' id='word_1_227' title='bbox 1709 2348 1815 2402; x_wconf 86' lang='lat' dir='ltr'>addi·</span> 
     </span>
     <span class='ocr_line' id='line_1_29' title="bbox 427 2421 1816 2500; baseline -0.005 -17"><span class='ocrx_word' id='word_1_228' title='bbox 427 2428 563 2483; x_wconf 83' lang='lat' dir='ltr'>derit</span> <span class='ocrx_word' id='word_1_229' title='bbox 584 2468 599 2492; x_wconf 88' lang='lat'>‚</span> <span class='ocrx_word' id='word_1_230' title='bbox 638 2431 814 2481; x_wconf 83' lang='lat' dir='ltr'>omnia.</span> <span class='ocrx_word' id='word_1_231' title='bbox 857 2432 1002 2483; x_wconf 81' lang='lat' dir='ltr'>Num</span> <span class='ocrx_word' id='word_1_232' title='bbox 1037 2446 1167 2500; x_wconf 89' lang='lat' dir='ltr'>ergo</span> <span class='ocrx_word' id='word_1_233' title='bbox 1202 2430 1418 2482; x_wconf 86' lang='lat' dir='ltr'>dubium</span> <span class='ocrx_word' id='word_1_234' title='bbox 1457 2429 1533 2482; x_wconf 83' lang='lat' dir='ltr'>est</span> <span class='ocrx_word' id='word_1_235' title='bbox 1563 2427 1660 2480; x_wconf 87' lang='lat' dir='ltr'>alia</span> <span class='ocrx_word' id='word_1_236' title='bbox 1681 2421 1816 2477; x_wconf 79' lang='lat' dir='ltr'>omnia</span> 
     </span>
     <span class='ocr_line' id='line_1_30' title="bbox 428 2496 1817 2574; baseline -0.001 -22"><span class='ocrx_word' id='word_1_237' title='bbox 428 2500 623 2556; x_wconf 80' lang='lat' dir='ltr'>sentire</span> <span class='ocrx_word' id='word_1_238' title='bbox 657 2520 752 2557; x_wconf 90' lang='lat' dir='ltr'>eos</span> <span class='ocrx_word' id='word_1_239' title='bbox 791 2505 885 2572; x_wconf 88' lang='lat' dir='ltr'>qui</span> <span class='ocrx_word' id='word_1_240' title='bbox 923 2504 1208 2567; x_wconf 88' lang='lat' dir='ltr'>occidunt,</span> <span class='ocrx_word' id='word_1_241' title='bbox 1251 2501 1410 2574; x_wconf 68' lang='lat' dir='ltr'>qudm</span> <span class='ocrx_word' id='word_1_242' title='bbox 1452 2502 1546 2573; x_wconf 91' lang='lat' dir='ltr'>qui</span> <span class='ocrx_word' id='word_1_243' title='bbox 1592 2496 1817 2568; x_wconf 72' lang='lat' dir='ltr'>relegant?</span> 
     </span>
     <span class='ocr_line' id='line_1_31' title="bbox 428 2566 1820 2649; baseline -0.004 -19"><span class='ocrx_word' id='word_1_244' title='bbox 428 2575 479 2630; x_wconf 72' lang='lat' dir='ltr'>in</span> <span class='ocrx_word' id='word_1_245' title='bbox 502 2576 639 2630; x_wconf 73' lang='lat' dir='ltr'>illam</span> <span class='ocrx_word' id='word_1_246' title='bbox 663 2593 848 2646; x_wconf 78' lang='lat' dir='ltr'>partem</span> <span class='ocrx_word' id='word_1_247' title='bbox 871 2579 936 2628; x_wconf 79' lang='lat' dir='ltr'>ite</span> <span class='ocrx_word' id='word_1_248' title='bbox 960 2580 1053 2649; x_wconf 64' lang='lat' dir='ltr'>qud</span> <span class='ocrx_word' id='word_1_249' title='bbox 1068 2578 1276 2646; x_wconf 79' lang='lat' dir='ltr'>sentitis.</span> <span class='ocrx_word' id='word_1_250' title='bbox 1310 2578 1506 2629; x_wconf 84' lang='lat' dir='ltr'>Nonne</span> <span class='ocrx_word' id='word_1_251' title='bbox 1528 2574 1725 2628; x_wconf 81' lang='lat' dir='ltr'>videtur</span> <span class='ocrx_word' id='word_1_252' title='bbox 1739 2566 1820 2637; x_wconf 73' lang='lat' dir='ltr'>ipsa</span> 
     </span>
     <span class='ocr_line' id='line_1_32' title="bbox 428 2650 1818 2720; baseline -0.003 -20"><span class='ocrx_word' id='word_1_253' title='bbox 428 2650 522 2705; x_wconf 81' lang='lat' dir='ltr'>lex</span> <span class='ocrx_word' id='word_1_254' title='bbox 552 2667 649 2703; x_wconf 83' lang='lat' dir='ltr'>eos</span> <span class='ocrx_word' id='word_1_255' title='bbox 686 2651 779 2720; x_wconf 89' lang='lat' dir='ltr'>qui</span> <span class='ocrx_word' id='word_1_256' title='bbox 808 2650 1116 2703; x_wconf 73' lang='lat' dir='ltr'>dissentiunt</span> <span class='ocrx_word' id='word_1_257' title='bbox 1145 2691 1161 2715; x_wconf 86' lang='lat'>,</span> <span class='ocrx_word' id='word_1_258' title='bbox 1211 2650 1270 2704; x_wconf 82' lang='lat' dir='ltr'>in</span> <span class='ocrx_word' id='word_1_259' title='bbox 1304 2650 1619 2704; x_wconf 84' lang='lat' dir='ltr'>contrariam</span> <span class='ocrx_word' id='word_1_260' title='bbox 1662 2655 1818 2714; x_wconf 85' lang='lat' dir='ltr'>partem</span> 
     </span>
     <span class='ocr_line' id='line_1_33' title="bbox 381 2717 1818 2794; baseline -0.008 -17"><span class='ocrx_word' id='word_1_261' title='bbox 381 2772 390 2783; x_wconf 26' lang='grc' dir='ltr'>ι</span> <span class='ocrx_word' id='word_1_262' title='bbox 429 2739 625 2777; x_wconf 80' lang='lat' dir='ltr'>vocare</span> <span class='ocrx_word' id='word_1_263' title='bbox 647 2764 662 2788; x_wconf 86' lang='lat'>‚</span> <span class='ocrx_word' id='word_1_264' title='bbox 690 2740 913 2794; x_wconf 85' lang='lat' dir='ltr'>cogere,</span> <span class='ocrx_word' id='word_1_265' title='bbox 949 2724 1224 2794; x_wconf 87' lang='lat' dir='ltr'>impellere</span> <span class='ocrx_word' id='word_1_266' title='bbox 1249 2728 1271 2778; x_wconf 73' lang='grc' dir='ltr'><strong><em>ἓ</em></strong></span> <span class='ocrx_word' id='word_1_267' title='bbox 1309 2727 1436 2777; x_wconf 84' lang='lat' dir='ltr'>Non</span> <span class='ocrx_word' id='word_1_268' title='bbox 1460 2723 1638 2776; x_wconf 88' lang='lat' dir='ltr'>consul</span> <span class='ocrx_word' id='word_1_269' title='bbox 1666 2717 1818 2774; x_wconf 80' lang='lat' dir='ltr'>etiam,</span> 
     </span>
     <span class='ocr_line' id='line_1_34' title="bbox 347 2792 1817 2869; baseline -0.003 -19"><span class='ocrx_word' id='word_1_270' title='bbox 347 2845 352 2850; x_wconf 91' lang='lat'><strong>.</strong></span> <span class='ocrx_word' id='word_1_271' title='bbox 430 2796 522 2853; x_wconf 79' lang='lat' dir='ltr'>ubi</span> <span class='ocrx_word' id='word_1_272' title='bbox 557 2798 779 2867; x_wconf 89' lang='lat' dir='ltr'>quisque</span> <span class='ocrx_word' id='word_1_273' title='bbox 822 2815 1093 2852; x_wconf 86' lang='lat' dir='ltr'>remanere</span> <span class='ocrx_word' id='word_1_274' title='bbox 1124 2840 1140 2864; x_wconf 86' lang='lat'>,</span> <span class='ocrx_word' id='word_1_275' title='bbox 1184 2798 1293 2869; x_wconf 78' lang='lat' dir='ltr'>quo</span> <span class='ocrx_word' id='word_1_276' title='bbox 1332 2795 1615 2867; x_wconf 84' lang='lat' dir='ltr'>transgredi</span> <span class='ocrx_word' id='word_1_277' title='bbox 1647 2792 1817 2845; x_wconf 74' lang='lat' dir='ltr'>debeat,</span> 
     </span>
     <span class='ocr_line' id='line_1_35' title="bbox 435 2860 1820 2939; baseline -0.004 -14"><span class='ocrx_word' id='word_1_278' title='bbox 435 2886 549 2925; x_wconf 74' lang='lat' dir='ltr'>non</span> <span class='ocrx_word' id='word_1_279' title='bbox 587 2872 793 2924; x_wconf 72' lang='lat' dir='ltr'>tannim</span> <span class='ocrx_word' id='word_1_280' title='bbox 827 2871 1135 2928; x_wconf 84' lang='lat' dir='ltr'>solennibus</span> <span class='ocrx_word' id='word_1_281' title='bbox 1163 2871 1342 2925; x_wconf 81' lang='lat' dir='ltr'>verbis</span> <span class='ocrx_word' id='word_1_282' title='bbox 1365 2911 1378 2935; x_wconf 91' lang='lat'>‚</span> <span class='ocrx_word' id='word_1_283' title='bbox 1411 2871 1500 2924; x_wconf 88' lang='lat' dir='ltr'>sed</span> <span class='ocrx_word' id='word_1_284' title='bbox 1526 2884 1676 2922; x_wconf 87' lang='lat' dir='ltr'>manu</span> <span class='ocrx_word' id='word_1_285' title='bbox 1693 2860 1820 2939; x_wconf 59' lang='lat' dir='ltr'>gestu}</span> 
     </span>
     <span class='ocr_line' id='line_1_36' title="bbox 344 2941 1824 3013; baseline -0.011 -2"><span class='ocrx_word' id='word_1_286' title='bbox 344 3007 348 3011; x_wconf 87' lang='lat'>.</span> <span class='ocrx_word' id='word_1_287' title='bbox 433 2959 538 3013; x_wconf 62' lang='lat'><em>‘1¹³2</em></span> <span class='ocrx_word' id='word_1_288' title='bbox 575 2942 940 3010; x_wconf 72' lang='lat' dir='ltr'>demonstrat?</span> <span class='ocrx_word' id='word_1_289' title='bbox 983 2950 1055 3004; x_wconf 85' lang='lat' dir='ltr'>At</span> <span class='ocrx_word' id='word_1_290' title='bbox 1095 2946 1241 3004; x_wconf 82' lang='lat' dir='ltr'>enim</span> <span class='ocrx_word' id='word_1_291' title='bbox 1284 2947 1519 3003; x_wconf 81' lang='lat' dir='ltr'>futurum</span> <span class='ocrx_word' id='word_1_292' title='bbox 1561 2941 1631 2998; x_wconf 88' lang='lat' dir='ltr'>est</span> <span class='ocrx_word' id='word_1_293' title='bbox 1658 2978 1676 3006; x_wconf 79' lang='lat'>,</span> <span class='ocrx_word' id='word_1_294' title='bbox 1713 2948 1761 2990; x_wconf 92' lang='lat' dir='ltr'>ut</span> <span class='ocrx_word' id='word_1_295' title='bbox 1789 2947 1824 2983; x_wconf 75' lang='lat'>⁵1</span> 
     </span>
    </p>
   </div>
   <div class='ocr_carea' id='block_1_3' title="bbox 1831 105 1906 3289">
    <p class='ocr_par' dir='ltr' id='par_1_3' title="bbox 1831 105 1906 3289">
     <span class='ocr_line' id='line_1_37' title="bbox 1831 105 1906 3289; baseline 0 0"><span class='ocrx_word' id='word_1_296' title='bbox 1831 105 1906 3289; x_wconf 95' lang='lat' dir='ltr'> </span> 
     </span>
    </p>
   </div>
  </div>
 </body>
</html>
