1951 3720
331 256 806 337 TRA‘JANO
857 278 1306 339 uterus·
1435 284 1571 364 393·

152 381 428 437 reverentia
452 386 533 438 rui
566 385 742 440 effecit
761 390 782 441 ἓ
810 388 1063 442 Obtinuit
1086 389 1278 459 aliquis
1300 429 1316 454 ,
1337 404 1396 442 ut
1423 391 1577 458 spec⁴

153 459 363 510 taculum
395 460 853 528 pantomimorum
883 465 1115 531 populus
1136 464 1410 516 Romanus
1450 463 1575 516 tolli

150 544 433 597 pateretur-3
460 533 549 586 sed
589 551 700 586 non
742 536 974 588 obtinuit
1008 549 1069 588 ut
1108 539 1292 591 vellet.
1331 537 1573 605 Rogatus

150 617 200 654 es
241 618 329 667 tu,
368 608 513 674 quod
548 608 768 677 cogebat
804 609 937 661 alius
968 647 982 672 ,
1022 609 1296 677 coepitque
1332 608 1436 661 esse
1478 612 1573 662 be·

150 674 380 732 aeficium
405 718 421 742 ‚
458 683 605 749 quod
641 682 928 734 necessitas
971 682 1156 735 fuerat.
1195 684 1384 751 Neque
1422 682 1570 734 enim

149 763 179 800 a
211 764 258 802 te
301 753 510 806 minore
564 770 830 807 concentu
870 794 886 819 ,
933 770 995 806 ut
1037 757 1255 807 tolleres
1296 755 1572 824 pantomi-

150 838 287 888 mos,
320 825 477 893 quam
513 843 543 878 a
578 843 726 896 patre
762 842 857 879 tuo
894 841 954 879 ut
993 827 1286 880 restitueret
1321 828 1571 880 exaCtum

149 893 229 949 cst.
250 899 544 968 Utrumque
579 900 721 953 reete
743 919 757 953 z
780 917 902 953 nam
935 901 989 952 &
1020 900 1232 953 restitui»
1252 903 1568 968 oportebat,

149 984 271 1036 quos
305 972 573 1025 sustulerat
607 975 775 1026 malus
806 973 1097 1041 Princeps,
1133 975 1186 1026 &
1218 973 1338 1026 tolli
1368 974 1573 1028 restitu-

150 1053 244 1094 tos,
273 1045 333 1096 In
366 1046 450 1099 his
498 1048 645 1099 enim
683 1064 802 1116 quae
837 1063 867 1098 a
903 1046 1058 1098 malis
1094 1047 1228 1100 bene
1274 1046 1413 1100 fiunt
1436 1087 1452 1111 ‚
1481 1046 1572 1100 hic

152 1121 385 1171 tenendus
425 1118 498 1171 est
538 1122 729 1172 modus
749 1158 765 1183 ,
788 1134 849 1171 ut
877 1134 1125 1188 appareat
1163 1120 1434 1173 auctorem
1464 1122 1576 1173 dis-

152 1190 364 1255 plicuiffe
405 1231 421 1255 ‚
457 1208 575 1244 non
613 1192 825 1245 facium.
863 1194 1010 1245 Idem
1040 1208 1169 1262 ergo
1207 1197 1439 1261 populus
1477 1194 1572 1247 ine

152 1261 409 1330 aliquando
454 1265 657 1318 scenici
699 1265 1038 1334 imperatoris
1079 1265 1344 1333 spectator
1385 1268 1438 1319 &
1475 1283 1574 1335 ap-

151 1336 341 1401 plausor
362 1377 378 1402 ,
402 1355 551 1391 nunc
582 1339 641 1390 in
670 1339 1018 1404 pantomimis
1049 1355 1263 1408 quoque
1300 1341 1571 1393 aversatur

154 1407 201 1458 δι
229 1411 430 1464 damnat
465 1411 796 1464 effeminatas
827 1428 965 1464 artes
986 1451 1001 1476 ‚
1031 1413 1084 1464 &
1113 1411 1361 1466 indecora
1392 1414 1574 1467 seculo

154 1477 314 1538 studia.
346 1485 425 1537 Ex
456 1502 572 1554 quo
608 1484 937 1538 manifestum
969 1483 1044 1538 est
1079 1485 1385 1555 Principum
1425 1487 1575 1539 disci·

154 1554 332 1621 plinam
367 1575 560 1627 capere
601 1558 762 1611 etiam
794 1561 989 1628 vulgus
1016 1577 1032 1618 3
1058 1576 1221 1628 quum
1254 1577 1368 1612 rem
1388 1600 1404 1625 ,
1430 1560 1478 1611 si
1509 1562 1575 1613 ab

154 1641 251 1681 uno
282 1629 369 1684 fiat
387 1672 402 1695 ‚
432 1631 829 1685 severissimam
851 1672 867 1696 ‚
895 1633 1120 1685 fecerint
1154 1649 1360 1685 omnes.
1396 1633 1576 1686 MaCte

152 1700 239 1754 hac
276 1706 550 1773 gravitatis
593 1706 763 1776 gloria
788 1745 804 1770 ,
848 1706 1030 1758 Caesar·
1055 1745 1070 1770 ‚
1118 1707 1221 1775 qua
1261 1705 1577 1759 consecutus

155 1782 206 1826 es
234 1815 248 1839 ‚
286 1793 345 1830 ut
379 1818 395 1843 ,
440 1781 590 1848 quod
632 1794 785 1831 antea
824 1779 920 1832 vis
957 1780 1011 1831 δι
1060 1779 1351 1847 imperium:
1374 1817 1390 1841 ‚
1435 1794 1580 1831 nunc

155 1864 313 1904 mores
340 1868 682 1906 vocarentur.
721 1852 1121 1922 Castigaverunt
1149 1852 1290 1906 vitia’
1310 1851 1398 1904 sua
1430 1851 1541 1920 ipsi⁴
1557 1891 1581 1918 ,-

156 1923 237 1990 qui
272 1926 506 1997 castigari
552 1927 926 1984 merebantur,
956 1925 1227 1996 iidemque
1268 1928 1582 1979 emendato·

156 2010 229 2048 res
258 2037 273 2062 ‚
318 2000 410 2068 qui
448 2000 766 2053 emendandi
808 2000 1045 2052 fuerunt.
1085 2001 1270 2069 Itaque
1315 2016 1477 2051 nemo
1514 2001 1581 2053 de

145 2068 419 2125 severitate
466 2088 564 2125 rua*
585 2072 835 2141 ‘queritur
864 2112 880 2137 ‚
919 2074 972 2125 &
1016 2073 1242 2125 liberum
1289 2073 1362 2126 est
1406 2074 1581 2142 queri.

158 2140 247 2194 Sed
274 2149 432 2213 quum
467 2148 545 2199 ita
570 2161 935 2214 comparatum
960 2145 1033 2198 sit
1054 2185 1068 2209 ‚
1099 2161 1159 2199 ut
1193 2148 1257 2198 de
1295 2148 1445 2199 nullo
1477 2148 1585 2199 mi·

158 2213 246 2268 mis
278 2219 526 2289 Principe
556 2236 840 2289 querantur
874 2219 1128 2272 homines
1148 2259 1162 2283 ‚
1185 2219 1343 2288 quam
1384 2223 1446 2272 de
1471 2237 1582 2290 quo

160 2291 372 2344 maxime
412 2294 580 2352 licet3
617 2308 732 2345 tum
776 2307 874 2345 tuo
909 2292 1094 2344 seculo
1132 2293 1384 2345 nihils-est
1408 2333 1424 2358 ‚
1473 2310 1584 2364 quo

159 2375 260 2414 non
292 2382 452 2420 omne
488 2366 776 2419 hominum
805 2381 970 2435 genus
1005 2367 1214 2418 laetetur
1251 2368 1304 2419 &
1345 2370 1586 2436 gaudeat.

160 2432 284 2487 Boni
321 2442 731 2507 provehuntur-3
775 2439 940 2500 mali,
979 2439 1071 2507 qui
1102 2440 1175 2491 est
1206 2442 1587 2509 tranquillissi-

157 2522 266 2563 mus
303 2512 462 2565 status
501 2512 739 2566 civitatis
759 2551 776 2576 ‚
812 2529 912 2565 nec
946 2512 1142 2565 timent
1179 2530 1289 2566 nec·
1311 2514 1585 2568 timentur.

157 2578 380 2639 Mederis
428 2586 698 2639 erroribus
732 2625 748 2650 ‚
786 2586 874 2638 sed
915 2585 1365 2655 implorantibus3
1410 2587 1593 2639 omni-

158 2651 345 2724 busque
383 2698 399 2723 ‚
419 2663 577 2729 *quos
621 2662 798 2712 bonos
828 2659 955 2712 facis
991 2699 1009 2723 ‚
1047 2662 1182 2711 hanc
1218 2660 1433 2714 adstruis
1472 2664 1597 2715 lau-

163 2726 276 2779 dem
300 2769 315 2794 ‚
353 2749 421 2786 ne
466 2731 698 2802 coEgifl'e
737 2732 990 2786 videaris,

163 2826 170 2852 .·
229 2800 445 2858 XLVII.
485 2805 631 2871 Quid
659 2804 873 2858 vitam?
895 2806 1023 2874 quid
1051 2822 1227 2860 mores
1257 2806 1553 2873 juventutis
1574 2847 1591 2872 ‚

162 2872 308 2943 quam
344 2878 710 2950 principaliter
744 2879 943 2937 formas
969 2883 983 2934 Ξ
1021 2896 1180 2950 quem
1210 2881 1477 2937 honorem
1511 2883 1593 2936 di·

1239 2954 1298 3007 R
1316 2972 1355 3008 v
