1951 3720
412 347 985 414 EpzsroLAE.
1026 343 1171 413 Lib.
1213 347 1344 416 VI.
1478 355 1612 439 169

327 464 440 519 IX.
484 465 817 517 Furnos
856 465 1168 517 ΤΑοιτο
1213 478 1358 519 suo
1398 466 1453 520 S.

359 573 366 578 “
407 583 686 653 Respondet
724 586 1069 636 commendanti
1104 584 1369 653 Nasonem.

151 669 254 764 C
274 720 654 759 omn-rums
688 708 821 760 mihi
843 708 1045 762 sunum
1068 708 1342 762 Nasonem
1372 709 1618 763 candida-

157 794 290 834 tum.
325 781 600 834 Nasonem
640 780 817 834 mihi?
861 781 990 849 quid
1019 782 1066 833 si
1097 798 1183 834 me
1212 783 1432 850 ipsum?
1481 786 1618 837 Fero

155 867 341 906 tamen
386 855 440 905 &
480 853 722 922 ignosco.
788 856 1043 907 Eumdem
1079 855 1225 907 enim
1258 857 1618 909 commendas·

157 927 266 978 sem
291 926 394 979 tibi
414 965 432 990 ‚
460 926 544 990 si,
579 942 631 978 te
658 927 846 980 Romae
878 943 1150 992 morante,
1174 928 1286 996 ipse
1322 928 1620 985 abfuiffem.

159 999 333 1054 Habet
375 1001 485 1053 hoc
526 1000 832 1053 sollicitudo
863 1040 878 1065 ‚
916 1000 1063 1069 quod
1105 1001 1291 1056 omnia
1336 1002 1620 1056 neceffaria

161 1089 327 1139 putat.
374 1074 465 1124 Tu
501 1089 681 1125 tamen
713 1075 903 1126 censeo
941 1074 1078 1126 alios
1119 1092 1315 1144 roges3
1357 1093 1461 1144 ego
1501 1093 1619 1143 pre·

161 1162 278 1196 cum
331 1160 547 1198 tuarum
591 1146 825 1200 minister
850 1186 865 1212 ,
906 1146 1115 1212 adjutor
1142 1187 1157 1211 ,
1200 1148 1462 1217 particeps
1499 1167 1618 1204 eto,

160 1219 321 1273 Vale.

319 1292 433 1346 .X.
476 1292 804 1346 PLn-uus
843 1295 1146 1347 Annum
1190 1307 1336 1346 svo
1377 1295 1434 1348 S.

161 1413 323 1464 Dolet
359 1431 704 1465 monumentum
733 1412 942 1482 Wrginii
970 1412 1118 1480 Rufi,
1145 1412 1254 1479 post
1290 1432 1459 1466 annum
1486 1417 1620 1465 deci-

229 1506 355 1538 mum
384 1487 446 1537 ab
482 1488 611 1537 obitu
635 1522 651 1543 ,
695 1488 857 1536 adhuc'
880 1485 1189 1554 imper-festum
1219 1485 1325 1553 effe.
1372 1488 1459 1538 De
1499 1489 1554 1541 V
1548 1490 1616 1540 ir.

230 1561 369 1631 ginio
404 1561 602 1620 viam,
635 1575 699 1619 13
738 1561 839 1624 6⁰9
865 1595 879 1619 ,
920 1574 1009 1624 19.

166 1657 435 1778 Quum
460 1705 720 1759 venissem
745 1706 802 1757 in
824 1705 1003 1758 socrus
1027 1723 1158 1758 meae
1182 1704 1372 1757 villam
1406 1706 1617 1759 Alsien-

159 1780 270 1832 sem
297 1821 313 1844 ‚
355 1798 478 1849 quae
533 1780 813 1848 aliquando
855 1778 982 1830 Rufi
1023 1777 1260 1848 virginii
1308 1778 1407 1831 fuir
1441 1819 1456 1843 ‚
1501 1780 1615 1848 ipse

146 1854 296 1917 -mihi
322 1856 478 1908 locus
517 1854 710 1922 optimi
751 1854 893 1906 illius
934 1854 987 1905 &
1020 1852 1245 1905 maximi
1280 1852 1387 1905 viri
1412 1854 1615 1906 deside-

151 1929 301 1979 ·rium
351 1945 468 1980 non
514 1927 627 1979 sine
672 1930 858 1980 dolore
900 1927 1204 1979 renovavit.
1268 1927 1423 1978 Hunc
1463 1927 1612 1979 enim

155 1999 403 2053 incolere
446 2000 693 2061 secess'um
727 2042 742 2065 ‚
784 2017 938 2069 atque
977 2000 1139 2052 etiam
1181 1999 1463 2051 senectutis
1505 2002 1611 2053 suae

151 2076 412 2127 ‘nidulum
458 2092 654 2127 vocare
699 2076 1064 2126 consueverat.
1124 2075 1482 2141 Quocumque
1521 2090 1609 2125 me

164 2147 505 2201 contulifl‘em
523 2188 536 2209 ,
571 2148 720 2199 iilum
742 2147 948 2199 animus
971 2187 986 2209 ‚
1018 2148 1173 2198 illum
1200 2146 1342 2198 oculi
1365 2146 1609 2215 require-

164 2222 304 2274 bant.
344 2221 528 2274 Libuit
563 2223 721 2272 etiam
744 2235 1149 2273 monumentum
1171 2219 1281 2285 ejus
1305 2220 1520 2282 videre,
1556 2220 1607 2272 &

163 2295 353 2347 vidiss'e
385 2294 661 2362 poenituit.
710 2294 794 2346 Est
815 2294 958 2346 enim
997 2294 1161 2345 adhuc
1203 2292 1568 2360 imperfectum
1591 2313 1607 2346 :

162 2385 261 2420 nec
279 2369 563 2420 difficultas
588 2369 766 2435 operis
791 2368 848 2419 in
866 2367 1017 2419 causa
1036 2407 1051 2430 ‚
1079 2367 1276 2419 modici
1299 2406 1313 2430 ,
1340 2384 1397 2418 ac
1422 2367 1607 2435 potius

164 2443 390 2512 exigui3
427 2441 516 2493 sed
548 2442 737 2494 inertia
777 2440 889 2505 ejus
912 2481 926 2504 ,
960 2441 1047 2492 cui
1082 2457 1203 2491 cura
1235 2442 1474 2492 mandata
1510 2440 1604 2491 est.

166 2516 315 2567 Subit
348 2514 648 2583 indignatio
667 2533 786 2567 cum
811 2514 1148 2566 miseratione
1169 2553 1183 2576 ,
1205 2512 1320 2581 post
1340 2514 1606 2564 decimum

155 2590 360 2639 ‘mortis
400 2605 596 2639 annum
626 2589 874 2656 reliquias
897 2628 909 2649 ,
938 2587 1338 2655 neglestumque
1372 2586 1604 2636 cinerem

168 2662 286 2714 sine
316 2662 481 2712 titulo
504 2702 518 2723 ,
561 2661 675 2712 sine
700 2662 920 2712 nomine
944 2659 1141 2723 jacere,
1169 2658 1314 2723 cujus
1347 2658 1608 2710 memoria

167 2736 356 2787 orbem
394 2749 648 2786 terrarum
687 2734 857 2804 gloria
880 2748 1211 2802 pervagetur.
1254 2734 1323 2783 At
1349 2731 1438 2782 ille
1467 2746 1612 2781 man·

163 2811 388 2860 daverat
419 2823 733 2875 cavei-atque
754 2846 769 2870 ‚
805 2823 864 2858 ut
895 2807 1139 2859 divinum
1164 2805 1293 2857 illud
1320 2806 1372 2857 &
1394 2803 1610 2856 immor-

159 2884 276 2934 tale
299 2880 493 2935 factum
523 2882 765 2935 versibus
803 2880 1172 2935 inscriberetur
1192 2918 1208 2943 ‚

1272 2996 1325 3073 H
