1951 3720
303 297 890 367 EPISTOLAE.
929 296 1081 367 Lib.
1127 300 1260 367 VI.
1370 298 1501 395 185

103 434 227 485 quum
258 417 493 481 dixerit,
525 417 717 488 gratias
760 434 901 486 ages.
953 420 1207 485 Spondeo
1243 418 1507 471 sollicitu-

103 491 178 543 dini
207 506 310 543 tuae
338 531 353 553 ‚
388 491 501 559 spei
533 508 663 542 meae
685 531 700 553 ,
736 490 1092 560 magnitudini
1117 492 1280 543 causae
1314 491 1503 544 suffec-

105 577 259 617 turum.
310 564 395 616 Est
438 564 640 616 indolis
673 564 925 631 optimae,
959 564 1112 616 brevi
1156 565 1507 632 producturus

105 637 199 689 alios
216 676 232 700 ,
256 637 303 689 si
324 637 544 690 interim
566 636 851 704 provectus
874 638 1034 689 fuerit
1055 655 1084 688 a
1109 638 1284 690 nobiS.
1317 638 1507 705 Neque

105 710 212 761 enim
243 710 495 778 cuiquam
525 725 633 761 tam
668 712 867 762 clarum
902 710 1074 763 statim
1098 710 1376 779 ingenium
1395 748 1410 772 ‚
1448 724 1511 761 ut

105 783 239 848 possit
290 800 563 851 emergere
587 822 600 846 ,
639 783 744 834 nisi
804 784 883 834 illi
937 783 1155 834 materia
1184 822 1198 845 ‚
1237 783 1452 834 occasio
1490 820 1509 846 ‚

107 854 241 909 fautor
260 856 425 912 etiam
451 858 958 925 commendatorque
977 856 1269 925 contingat.
1312 857 1469 910 Vale.
1498 903 1503 910 .

179 976 419 1028 XXIV.
456 974 788 1027 Pmulus
829 974 1114 1026 MAcno
1157 988 1303 1027 suo
1346 976 1403 1029 S.

111 1096 214 1148 Uxor
240 1098 422 1147 marito
442 1094 499 1164 se
535 1095 696 1145 mortis
720 1098 876 1144 ducem
906 1094 1082 1163 prabet
1107 1129 1121 1154 ,
1150 1097 1195 1146 6·
1232 1097 1511 1165 exemplunu

113 1193 363 1316 QUAM
416 1243 645 1293 multum
695 1240 940 1303 interest:
995 1241 1123 1308 quid
1160 1259 1188 1292 a
1229 1259 1339 1310 quo
1375 1242 1515 1297 fiat!

107 1317 261 1369 Eadem
285 1315 435 1368 enim
465 1314 600 1366 faeta
622 1314 856 1365 claritate
879 1315 967 1366 vel
989 1315 1306 1366 obscuritate
1323 1316 1517 1368 facien-¹

107 1388 209 1440 tium
227 1403 313 1440 aut
332 1390 597 1440 tolluntur
615 1385 871 1437 altissime
888 1426 902 1449 ,
924 1401 1013 1438 aut
1026 1387 1325 1439 humillime
1346 1389 1515 1456 ‹lepti-1

105 1473 303 1514 muntur.
342 1460 793 1529 Navigabamper
823 1459 1036 1511 Larium
1058 1459 1291 1511 nostrum
1309 1500 1322 1524 ‚
1349 1470 1516 1530 quum

105 1535 252 1587 senior
275 1534 477 1586 amicus
515 1532 740 1584 ostendit
764 1531 895 1582 mihi
914 1533 1102 1584 villam
1123 1572 1138 1593 ,
1176 1548 1333 1601 atque
1352 1535 1515 1585 etiam

106 1608 405 1670 cubiculum,
445 1608 591 1674 quod
625 1606 680 1655 in
717 1606 890 1655 lacum
927 1605 1217 1672 prominet.
1276 1608 1360 1655 Ex
1389 1610 1475 1657 hoc
1498 1642 1515 1665 ,

103 1679 295 1749 inquit,
336 1681 596 1747 aliquando
642 1679 890 1746 municeps
916 1680 1074 1739 nostra
1117 1697 1217 1727 cum
1256 1680 1425 1729 marito
1463 1677 1519 1746 fe

102 1756 406 1823 praecipitavit.
456 1752 675 1804 Causam
721 1749 1000 1819 requisivi.
1036 1751 1264 1802 Maritus
1301 1768 1371 1803 ex
1400 1751 1519 1803 diu-

108 1827 200 1879 tino
234 1828 424 1880 morbo
478 1825 619 1878 circa
653 1825 878 1876 velanda
917 1822 1162 1892 corporis
1190 1863 1205 1886 ,
1254 1826 1519 1878 ulceribus

107 1902 451 1984 putrescebat.
496 1916 638 1950 uxor
674 1911 734 1949 ut
770 1896 1054 1964 inspiceret
1089 1897 1308 1966 exegit;
1347 1916 1521 1967 neque

110 1973 229 2025 enim
249 1989 571 2048 quemquam
608 1969 818 2022 fidelius
855 1970 1242 2034 indicaturum,
1282 1971 1522 2039 poss'etne

108 2045 265 2100 sanari.
299 2043 494 2109 Vidit,
533 2044 865 2112 desperavit·
902 2044 1111 2095 hortata
1145 2042 1218 2094 est
1248 2059 1308 2094 ut
1341 2062 1523 2096 more-

108 2134 263 2183 retur,
300 2119 587 2186 comesque
635 2117 748 2199 ipsa
787 2115 1020 2178 mortiS,
1056 2118 1164 2166 dux
1210 2116 1381 2168 immo
1410 2157 1423 2180 ,
1470 2118 1523 2168 δε

109 2195 423 2274 exemplum,
453 2193 506 2244 δι
542 2189 832 2242 necessitas
858 2187 975 2241 fuit.
1015 2190 1152 2239 Nam
1173 2189 1225 2240 se
1262 2206 1380 2241 cum
1407 2206 1524 2241 ma-

107 2263 198 2317 rito
231 2266 457 2334 ligavit,
490 2261 824 2345 abjecitque
812 2278 870 2313 ιιι
901 2264 1093 2314 lacum.
1136 2263 1298 2327 Quod
1327 2263 1523 2314 fastum

108 2353 164 2388 ne
196 2339 322 2389 mihi
360 2338 618 2406 quidem,
658 2335 767 2417 qui.
781 2334 1093 2401 municeps,
1132 2335 1238 2385 nisi
1272 2335 1524 2403 proxime

110 2411 318 2463 auditum
361 2410 478 2462 est·
468 2446 483 2470 ,
524 2426 636 2460 non
673 2408 821 2492 quia.
846 2407 1023 2458 minus
1075 2406 1170 2458 illo
1225 2409 1527 2463 clarissimo

107 2483 256 2536 Arriae
283 2484 420 2538 ἕειᾶο
443 2523 460 2551 ‚
485 2483 578 2537 sed
597 2481 722 2552 quia
751 2481 930 2534 minor
950 2480 1079 2550 ipsa.
1123 2481 1281 2537 Vale.
