1951 3720
274 314 668 384 EPrsTo
693 332 851 385 ιε.
883 315 1034 388 Lib.
1071 313 1203 387 IX.
1325 316 1464 411 287

92 432 188 498 isti,
220 434 302 502 qui
340 436 405 488 iis
444 436 787 504 potissimum
834 441 1035 492 donant
1071 480 1086 503 ‚
1138 439 1231 509 qui
1271 440 1469 494 donare

90 509 273 562 maxime
307 509 527 576 possunt.
579 513 695 563 Hos
746 530 848 582 ego
890 515 1106 565 viscatis
1137 515 1467 582 hamatisque

93 585 337 634 muneribus
372 600 480 635 non
520 585 609 636 sua
655 602 903 653 promere
946 603 1079 654 puto
1111 627 1124 643 ,
1166 587 1254 639 sed
1300 589 1474 639 aliena

93 656 322 722 corripere.
374 658 504 708 Sunt
540 659 761 728 ingenio
792 659 994 723 simili,
1034 659 1128 727 qui
1162 662 1307 728 quod
1344 660 1472 712 huic

91 727 243 779 donant
272 766 286 791 ,
327 730 561 782 auferunt
609 731 688 783 illi
725 772 741 795 ,
788 733 1087 800 famamque
1140 732 1473 785 liberalitatis

94 801 264 851 avaritia
305 818 503 869 petunt.
569 804 803 857 Primum
845 805 917 857 est
963 822 1140 857 autem
1166 844 1182 868 ,
1219 807 1315 858 suo
1365 805 1475 858 effe

93 887 381 934 contentum3
419 877 606 929 deinde
656 895 792 946 quos
832 877 1100 947 praecipu'e
1152 879 1285 931 scias
1331 878 1476 930 indi-

92 961 180 1012 gere
198 986 210 1010 ‚
240 947 597 1003 sustentantem
622 951 1003 1019 foventemque
1030 992 1043 1015 ‚
1085 953 1212 1005 orbe
1244 956 1476 1021 quodam

94 1017 305 1073 societatis
323 1024 533 1077 ambire.
569 1025 702 1090 Quae
723 1025 905 1077 cunCta
928 1026 974 1076 si
995 1025 1119 1078 facit
1139 1024 1230 1076 iste
1245 1064 1262 1087 ,
1286 1027 1477 1094 usque-

91 1108 250 1161 quaque
280 1098 560 1150 laudandus
602 1098 710 1150 est:
747 1100 795 1151 si
832 1115 998 1151 unum
1024 1099 1239 1167 aliquod
1259 1137 1275 1160 ‚
1301 1100 1478 1222 min'ffls

93 1166 259 1232 quidem
280 1207 293 1231 ,
322 1172 607 1224 laudandus
645 1188 855 1224 tamen:
898 1187 1006 1223 tam
1037 1188 1149 1223 rara
1196 1174 1355 1224 etiam
1385 1172 1402 1221 i
1463 1200 1483 1213 -

91 1240 284 1304 perfeaae
322 1243 653 1297 liberalitatis
696 1249 958 1312 exempla.
1024 1247 1094 1296 Ea
1140 1244 1338 1296 invasit
1377 1247 1484 1296 ho-

91 1311 220 1365 mines
240 1316 452 1369 habendi
466 1319 667 1386 cupido
688 1358 703 1382 ‚
736 1335 794 1370 ut
807 1318 1072 1387 possideri
1093 1320 1260 1388 magis
1282 1356 1298 1381 ,
1319 1331 1481 1386 quam

93 1387 315 1449 possidere
343 1390 645 1445 videantur.
677 1393 844 1445 xVale.

170 1506 387 1563 XXXI.
447 1511 784 1564 Puruus
824 1513 1088 1567 Sanno
1131 1523 1279 1563 suo
1317 1512 1375 1564 S.

195 1628 365 1681 Laudes
403 1631 628 1682 laudibus
658 1632 873 1699 rependit
893 1665 910 1688 ,
947 1631 993 1679 6·
1021 1630 1202 1698 gratias
1225 1630 1345 1699 agit·

90 1710 442 1812 POSTQUAM
482 1771 514 1806 a
551 1767 607 1806 te
632 1752 865 1816 recessi,
900 1767 1015 1803 non
1059 1750 1236 1804 minus
1273 1766 1450 1805 tecum
1476 1790 1492 1817 ,

91 1821 406 1895 quamquam
457 1829 602 1898 apud
636 1842 690 1880 te
728 1867 743 1891 ‚
783 1826 879 1880 fui.
937 1826 1066 1895 Legi
1110 1843 1254 1878 enim
1302 1828 1494 1879 librum

89 1907 206 1948 tuum
236 1939 250 1962 ,
303 1902 599 1954 identidem
639 1914 883 1968 repetens
936 1917 998 1951 ea
1040 1898 1274 1952 maxime
1315 1902 1337 1969 (
1384 1917 1495 1952 non

91 1971 201 2021 enim
233 1975 457 2027 mentiar
481 1975 505 2042 )
531 1992 650 2043 quae
681 1975 744 2025 de
767 1990 854 2025 me
889 1973 1177 2040 scripsisti3
1220 1975 1275 2023 in
1304 1975 1497 2041 quibus

88 2043 262 2109 quidem
298 2048 659 2116 percopiosus
701 2046 856 2099 fuisti.
898 2047 1072 2112 Quam
1103 2050 1267 2098 multa
1291 2085 1306 2109 ‚
1339 2049 1497 2113 quam

88 2119 237 2179 varia,
271 2136 429 2187 quam
464 2138 582 2172 non
614 2121 795 2172 eadem
832 2122 894 2172 de
925 2122 1153 2182 eodem,
1185 2135 1282 2169 nec
1323 2133 1502 2169 tamen

91 2187 257 2242 diversa
295 2232 308 2255 ‚
354 2194 540 2245 dixisti
588 2198 600 2247 !
668 2194 898 2244 Laudem
947 2193 1141 2260 pariter
1201 2192 1255 2243 &
1310 2191 1502 2261 gratias

87 2268 243 2328 agam?
280 2269 551 2319 Neutrum
592 2266 715 2318 satis
753 2265 960 2335 poffum
984 2306 999 2329 ‚
1041 2266 1128 2329 &,
1170 2265 1215 2316 si
1249 2264 1452 2333 pofi'em
1487 2303 1503 2328 ,

88 2333 299 2390 timerem
337 2358 405 2392 ne
440 2357 700 2410 arrogans
734 2339 860 2392 effet
884 2379 900 2402 ‚
943 2342 1013 2391 ob
1044 2357 1107 2391 ea
1141 2339 1349 2389 laudare
1376 2377 1391 2401 ‚
1433 2339 1506 2389 ob

85 2422 178 2475 quae
220 2415 414 2481 gratias
455 2431 693 2484 agerem.
740 2415 920 2465 Unum
972 2413 1100 2464 illud
1137 2413 1353 2473 addam,
1393 2427 1512 2461 om·

85 2482 154 2534 nia
179 2490 304 2537 mihi
348 2487 513 2540 tanto
549 2488 892 2539 laudabiliora
925 2486 1072 2548 visa,
1100 2483 1302 2553 quanto
1330 2485 1511 2542 'lucun-

86 2555 246 2617 410183
283 2560 445 2614 tanto
504 2560 818 2629 jucundiora
843 2598 858 2625 ‚
909 2558 1112 2630 quanto
1166 2555 1513 2611 laudabiliora

81 2642 227 2689 erant.
274 2635 442 2690 Vale.
