1951 3720
312 269 447 341 228
625 270 890 337 CAII
962 270 1399 352 PLINII

303 387 472 454 §tam
511 385 768 469 :luove-pen
803 386 1034 457 ’ἔκ-κενῷ·
1057 429 1073 456 ,
1113 390 1300 460 utique
1351 391 1399 443 si
1457 404 1511 444 te
1562 390 1744 450 mereti

306 485 482 537 putes,
504 472 660 524 Vale.

339 567 659 621 XXXIII.
720 567 1054 620 Pnuxus
1104 568 1417 619 Tncrro
1460 580 1609 620 suo
1646 570 1701 624 S.

400 692 542 759 Cupie
578 691 629 741 ῑη
666 688 829 740 Tacen·
858 673 1061 751 historiis
1091 689 1144 737 ia
1174 685 1320 755 insen·
1340 726 1355 751 ,
1396 689 1524 755 quoa
1541 688 1665 755 fecte

566 787 781 854 dixitque
818 800 987 836 contra
1024 785 1236 835 Babiutn
1270 784 1497 851 Maffam.

297 871 404 965 Α
425 923 698 963 UGUROR
745 910 768 977 (
801 925 900 961 nec
935 925 1022 960 me
1057 907 1193 960 fallit
1227 908 1551 978 augurium)
1587 908 1752 963 histo-

302 981 411 1034 rias
454 999 571 1036 tuas
621 983 952 1035 immortales
990 982 1191 1034 futuras
1226 1001 1242 1041 ·‚
1286 982 1397 1051 quo
1442 982 1610 1052 magis
1645 982 1752 1036 inis

305 1054 576 1126 (ingenue
590 1057 795 1109 fatebor
815 1054 835 1121 )
859 1055 1020 1107 inseri
1033 1056 1215 1123 cupio,
1238 1057 1375 1107 Nam
1397 1055 1445 1107 si
1469 1055 1573 1109 effe
1599 1056 1756 1109 nobis

304 1143 445 1182 curae
482 1131 652 1194 solet,
692 1143 751 1181 ut
783 1128 942 1183 facies
974 1128 1148 1181 nostra
1182 1130 1244 1181 ab
1285 1129 1497 1197 optimo
1541 1129 1765 1199 quoque'

218 1265 224 1272 ·
303 1201 509 1256 artifice
546 1202 904 1272 exprimatur,
931 1219 1114 1254 nonne
1157 1204 1407 1255 debemus
1441 1219 1630 1272 optare
1654 1243 1669 1266 ‚
1700 1217 1775 1256 ut.

306 1276 559 1343 operibus
599 1276 788 1329 nostris
823 1276 1016 1329 similis
1054 1275 1134 1327 tui
1164 1276 1391 1345 scriptor
1424 1277 1759 1346 praedicator·

308 1364 415 1417 que
463 1351 739 1420 contingat
775 1353 796 1403 ἓ
845 1348 1172 1402 Demonstro
1215 1367 1345 1419 ergo
1379 1391 1395 1414 ,
1438 1368 1758 1420 quamquam

308 1421 650 1493 diligentiam
685 1440 830 1475 tuam
871 1423 1054 1491 fugere
1095 1440 1207 1475 non
1230 1425 1407 1491 possit
1432 1464 1448 1488 ‚
1491 1442 1660 1493 quum
1691 1425 1761 1477 sit

310 1492 373 1546 in
402 1497 627 1563 publicis
664 1496 829 1556 astis3
871 1495 1175 1548 demonstro
1206 1512 1384 1549 tamen
1405 1538 1419 1559 ‚
1457 1497 1567 1566 quo
1590 1498 1759 1567 magis

308 1570 489 1621 credas
509 1568 798 1634 jucundum
819 1568 952 1620 mihi
967 1571 1203 1621 futurum
1217 1609 1233 1632 ,
1256 1571 1304 1621 si
1317 1571 1513 1623 faCkum
1535 1588 1718 1623 meum
1745 1611 1762 1635 ‚

309 1639 462 1704 cujus
503 1643 670 1711 gratia
706 1642 947 1711 periculo
983 1643 1190 1703 crevit,
1223 1658 1318 1695 tuo
1356 1645 1574 1713 ingenio
1601 1684 1620 1709 ‚
1662 1660 1761 1697 tuo

312 1713 625 1768 testimonio
663 1712 960 1767 ornaveris.
1011 1716 1245 1768 Dederat
1278 1734 1364 1769 me
1395 1719 1604 1770 senatus
1640 1735 1763 1780 cum

310 1787 591 1841 Herennio
632 1788 926 1858 Senecione
958 1790 1275 1840 advocatum
1310 1789 1606 1858 provinciae
1644 1792 1765 1843 13ae-

311 1859 434 1914 ticae
466 1880 651 1916 contra
669 1863 906 1916 Baebium
927 1860 1147 1914 Massam
1170 1882 1186 1923 ·,
1210 1865 1563 1934 damnatoque
1584 1864 1764 1918 Massa

313 1935 591 2003 densuexjat
613 1977 629 2000 ,
672 1952 733 1989 ut
777 1938 918 1988 bona
952 1935 1067 2000 ejus
1109 1936 1319 2004 publice
1354 1938 1765 1993 custodirentur.

316 2008 544 2063 Senecio
566 2050 580 2073 ,
620 2027 782 2078 quum
821 2008 1141 2076 explorasset
1175 2011 1417 2063 consules
1454 2012 1767 2079 postulatio·

316 2081 472 2134 nibus
505 2099 786 2135 vacaturos
811 2122 827 2146 ‚
867 2083 1127 2134 convenit
1159 2100 1244 2135 me
1264 2103 1281 2136 ;
1315 2085 1395 2147 δε,
1428 2080 1542 2157 Qud
1571 2104 1769 2137 concor-

314 2152 401 2204 did
425 2191 441 2212 ,
484 2155 661 2226 inquit
684 2196 699 2219 ,
738 2157 986 2221 injuncium
1020 2157 1153 2206 nobis
1185 2155 1526 2224 accusationem
1549 2157 1764 2227 exsecuti

308 2224 466 2294 sumus
492 2263 508 2289 ,
538 2232 625 2279 hac
659 2232 875 2280 adeamus
916 2227 1162 2296 consules,
1200 2230 1499 2298 petamusque
1540 2251 1601 2283 ne
1644 2233 1773 2283 bona

297 2302 545 2370 dissipari
574 2305 735 2353 sinant
750 2337 764 2361 ,
791 2321 981 2369 quorum
1005 2302 1092 2368 effe
1112 2309 1163 2354 in
1186 2304 1394 2366 custodia
1418 2305 1607 2357 debent.
1644 2306 1773 2358 Res·

317 2373 518 2442 pondi:
556 2376 711 2448 Quum
731 2377 870 2426 simus
892 2379 1115 2427 advocati
1145 2395 1173 2425 a
1197 2374 1370 2443 senatu
1408 2380 1511 2429 dati
1533 2412 1549 2438 ‚
1592 2377 1776 2446 dispice

317 2466 426 2498 num
456 2451 671 2515 perae-‘las
690 2467 826 2518 putes
847 2466 1013 2518 partes
1036 2451 1215 2512 nostras
1236 2486 1252 2506 ‚
1270 2449 1466 2517 senatt‘is
1489 2452 1773 2521 cognitione

304 2521 479 2591 finitc‘i.
526 2522 590 2573 Et
611 2523 701 2575 ille
721 2542 738 2583 ⁶,
774 2524 844 2575 Tu
865 2542 995 2590 quem
1014 2524 1146 2574 voles
1170 2524 1259 2573 eibi
1281 2531 1522 2576 terminum
1536 2527 1731 2587 statues
1754 2562 1774 2584 ,

316 2596 394 2645 cui
432 2595 569 2645 nulla
610 2617 709 2648 cum
736 2597 986 2664 provincia
1026 2597 1316 2648 necessitudo
1338 2633 1352 2656 ,
1394 2600 1488 2651 nisi
1523 2616 1584 2649 ex
1626 2600 1777 2650 bene-

303 2667 427 2738 ficio
479 2685 561 2720 tuo
595 2705 613 2729 ‚
659 2672 705 2721 6·
742 2672 829 2720 hoc
870 2671 1050 2720 recenti
1081 2687 1098 2720 .·
1141 2667 1239 2739 ipse
1283 2671 1329 2721 ὃ·
1370 2688 1507 2722 natus
1545 2672 1616 2722 ibi
1653 2707 1670 2732 ,
1724 2674 1775 2723 6-

315 2743 513 2809 quaestor
544 2743 595 2791 in
630 2760 686 2795 ea
702 2741 801 2808 fui.
824 2744 965 2794 Tum
996 2760 1099 2812 ego
1121 2783 1137 2806 ,
1177 2744 1231 2795 Si
1251 2745 1406 2813 fixum
1440 2745 1528 2796 tibi
1560 2745 1688 2807 istud
1716 2764 1777 2796 ac

315 2816 656 2874 deliberatum,
688 2813 863 2883 sequar
896 2833 943 2866 te
968 2851 984 2872 ,
1024 2833 1075 2866 ut
1108 2817 1150 2867 si
1191 2837 1280 2884 qua
1322 2831 1381 2868 eae
1412 2820 1501 2868 hoc
1539 2818 1727 2869 invidia
1758 2854 1777 2876 ‚

316 2906 412 2940 non
443 2904 526 2941 tua
555 2888 740 2941 tantam
776 2890 857 2946 sie.
898 2889 1167 2946 Venimus
1190 2892 1254 2945 ad
1280 2889 1406 2949 coff.
1440 2889 1570 2946 dicit
1607 2892 1781 2955 Sene-⁴
