1951 3720
417 341 551 437 198
756 340 1019 408 CAII
1086 338 1502 406 PLINJ‘I

406 479 522 526 non
540 461 656 515 sine
679 463 936 531 exemplo
953 478 1233 515 monerem
1255 480 1272 522 ·,
1305 461 1496 515 deinde
1512 474 1573 515 ut
1594 459 1654 514 in
1675 458 1836 529 poste·

404 551 526 588 rum
557 536 669 605 ipse
694 537 757 588 ad
776 539 1015 589 eamdem
1040 532 1446 606 temperantiam
1478 535 1840 606 adstringeret,

405 627 573 679 quum
587 628 672 663 me
690 611 787 662 hac
805 610 1027 681 epistola
1047 612 1198 681 quasi
1220 612 1448 681 pignore
1468 609 1840 681 obligavifl‘em.

400 683 566 750 'vale’
610 758 689 810 11.
750 747 1081 812 Fundus
1121 759 1368 813 Jusro
1411 771 1559 811 suo
1600 758 1657 811 S.

401 877 656 932 Ρνοὴιὶιεὶε
685 875 935 945 “ηιιᾜήνιιηι
961 876 1018 946 se
1057 881 1244 948 aliquid
1280 898 1342 931 ex
1374 881 1508 950 nugis
1535 879 1640 949 suis
1672 913 1690 939 ,
1726 898 1845 949 quum

552 976 683 1039 aestas
704 975 916 1044 inquieta
946 975 993 1025 ὃν
1017 976 1229 1026 exercita
1249 975 1514 1046 transmiffiz
1534 977 1713 1045 fuerit.

409 1048 510 1173 Q
533 1112 1029 1152 uEMAnMonum
1064 1100 1343 1170 congruit,
1366 1115 1428 1153 ut
1456 1100 1622 1154 simul
1651 1102 1705 1154 ὃ(
1724 1101 1844 1155 affir-

405 1189 522 1226 mes
575 1189 627 1226 te
675 1172 900 1226 assiduis
943 1173 1391 1242 occupationibus
1444 1175 1702 1243 impediri
1736 1214 1752 1240 ‚
1800 1177 1846 1229 &

405 1246 600 1315 scripta
630 1247 806 1300 nostra
828 1246 1091 1300 desideres
1112 1287 1129 1311 ‚
1161 1265 1280 1317 quae
1310 1248 1413 1300 vix
1442 1250 1506 1300 ab
1529 1249 1735 1302 otiosis
1757 1249 1845 1300 im-

403 1337 617 1396 petrare
653 1322 854 1391 aliquid
888 1320 1113 1389 perituri
1155 1321 1419 1390 temporis
1460 1321 1725 1390 poffunt?
1762 1322 1846 1374 Pa-

391 1393 510 1447 'tiar
540 1413 671 1465 ergo
700 1394 930 1447 aestatem
953 1394 1249 1464 inquietam
1271 1395 1432 1448 vobis
1457 1397 1844 1464 exercitamque

400 1470 757 1522 transcurrere
780 1487 798 1528 3
836 1469 889 1521 &
920 1468 1098 1521 hieme
1135 1470 1350 1524 demum
1372 1509 1389 1533 ‚
1416 1487 1582 1539 quum
1608 1469 1843 1523 credibile

400 1542 506 1595 erit
548 1543 791 1598 noctibus
839 1543 1024 1595 saltem
1073 1558 1262 1602 vacare
1302 1558 1355 1595 te
1398 1542 1545 1611 poffe
1565 1583 1581 1607 ,
1627 1560 1845 1613 quaeram

403 1616 535 1684 quid
572 1616 919 1686 potissimum
958 1634 1030 1669 ex
1065 1618 1220 1686 nugis
1252 1616 1391 1676 meis
1423 1616 1522 1669 tibi
1553 1619 1841 1670 exhibeam.

402 1690 626 1743 Interim
649 1692 853 1750 abunde
875 1690 948 1743 est
964 1731 979 1754 ‚
1004 1690 1052 1743 si
1069 1690 1306 1759 epistolae
1328 1707 1441 1744 non
1458 1691 1580 1744 sunt
1602 1689 1845 1745 molesta.

402 1764 539 1817 Sunt
568 1777 774 1828 autem,
811 1766 864 1817 &
893 1764 1018 1817 ideo
1052 1765 1329 1818 breviores
1353 1780 1526 1817 erunt.
1567 1766 1730 1820 Vale.

502 1889 622 1942 111.
664 1888 999 1941 Pinnos
1039 1887 1454 1940 PRAEsENn
1509 1899 1664 1938 suo
1706 1887 1760 1940 S.

412 2008 463 2061 Α
487 2008 633 2081 longo
659 2010 705 2060 ὃν
726 2008 882 2078 quieto
899 2005 1076 2076 set-effu
1097 2009 1164 2057 ad
1182 2007 1310 2058 urbis
1340 2004 1503 2075 officia
1530 2007 1576 2058 6·
1609 2006 1835 2073 molestias

968 2167 974 2171 ⁸
1018 2120 1232 2157 revocat.

405 2195 778 2287 TANTANE'
802 2228 1195 2298 perseverantia
1229 2240 1299 2280 tu'
1313 2226 1481 2281 modo
1505 2228 1563 2280 in
1587 2228 1810 2282 Lucania
1825 2266 1839 2292 ‚

400 2303 569 2357 modo
612 2304 669 2356 in
716 2302 1049 2372 Campania?
1084 2303 1202 2372 Ipse
1234 2303 1378 2355 enim
1400 2343 1414 2367 ‚
1448 2302 1663 2372 inquis,
1692 2306 1841 2355 Luca·

402 2393 504 2430 nus
528 2418 542 2441 ‚
573 2394 715 2430 uxor
750 2380 1035 2446 Campana.
1085 2376 1225 2430 Justa
1270 2379 1420 2430 causa
1457 2377 1733 2447 longioris
1765 2378 1839 2428 ab·

403 2452 588 2504 sentiae
615 2492 629 2516 ‚
670 2458 783 2503 non
837 2467 1107 2521 perpetuae
1136 2459 1350 2504 tamen.
1396 2451 1546 2519 Quin
1589 2469 1726 2522 ergo
1758 2450 1840 2503 ali·

404 2529 620 2594 quando
656 2527 714 2577 in
749 2527 932 2578 urbem
974 2526 1156 2579 redis?
1194 2527 1285 2578 ubi
1326 2526 1552 2596 dignitas
1576 2565 1593 2589 ‚
1636 2528 1838 2585 honor,

400 2600 652 2652 amicitiae
677 2614 784 2650 tam
821 2599 1120 2667 superiores
1145 2598 1303 2668 quam
1340 2601 1602 2654 minores,
1638 2598 1839 2666 Quous-

402 2691 508 2742 que
545 2672 831 2743 regnabis?
871 2675 1148 2742 quousque
1184 2674 1435 2744 vigilabis
1459 2690 1629 2743 quum
1661 2672 1837 2725 voles?

403 2748 642 2800 dormies
682 2746 930 2816 quamdiu
965 2750 1165 2800 voles?
1209 2748 1483 2817 quousque
1521 2746 1689 2800 calcei
1732 2744 1838 2797 nus·

402 2825 607 2891 quam?
638 2835 762 2891 toga
798 2820 1026 2874 feriata?
1071 2820 1203 2874 liber
1243 2836 1390 2874 totus
1424 2821 1580 2874 dies?
1613 2822 1838 2887 Tempus

401 2895 478 2946 est
529 2911 582 2948 te
640 2895 869 2948 revisere
910 2894 1179 2947 molestias
1217 2895 1416 2947 nostras
1441 2934 1455 2960 ‚
1495 2896 1588 2946 vel
1630 2896 1703 2946 ob
1745 2894 1838 2944 hoc

402 2969 577 3023 solum
600 3008 615 3035 ,
642 2985 710 3024 ne
745 2972 1052 3038 voluptates
1084 2968 1190 3022 istae
1223 2969 1463 3024 satietate
1491 2967 1836 3039 languescant.
