1951 3720
324 339 801 410 TRAJANo
857 353 1289 410 DICTUS.
1389 359 1535 432 427

126 459 234 512 Non
254 461 624 529 locupletando
645 458 777 512 fisco
801 459 947 512 sedes
968 495 985 523 ‚
1015 475 1118 514 nec
1137 458 1280 511 aliud
1301 458 1402 512 tibi
1424 458 1547 512 sen·

126 533 285 586 tentiae
314 549 416 586 tuae
438 533 669 602 pretium
690 572 706 597 ,
739 531 901 602 quim
927 534 1064 586 bene
1092 531 1358 597 iudicass'e.
1391 533 1545 585 Stant

127 620 230 658 ante
250 621 300 659 te
320 607 616 677 litigatores
640 646 655 670 ‚
694 623 806 659 non
834 607 898 659 de
929 606 1162 659 fortunis
1185 606 1293 658 suis
1317 644 1333 669 ‚
1374 605 1461 658 sed
1481 607 1547 658 de

127 690 208 730 tua‘
236 679 620 733 existimatione
656 679 875 733 solliciti
912 698 930 741 3
984 696 1085 732 nec
1132 693 1242 731 tam
1288 692 1548 732 verentur

126 751 235 819 quid
260 755 321 806 de
358 754 507 806 causa
546 754 635 806 sua
655 791 672 817 ‚
705 752 865 822 quam
900 752 1032 821 quid
1054 753 1119 805 de
1147 751 1386 804 moribus
1423 752 1549 804 sen-

127 824 229 878 tias.
267 826 318 878 0
352 826 482 881 vere
505 826 775 895 Principis
802 865 819 891 ,
873 840 1032 895 atque
1069 826 1231 878 etiam
1270 825 1551 888 consulis,

125 899 437 954 reconciliare
474 902 687 953 aemulas
726 899 1010 959 civitates·‚
1049 899 1419 968 tumentesque
1439 915 1552 967 po·

125 974 260 1038 pulos
290 990 399 1026 non
426 972 656 1042 imperio
694 973 863 1042 magis
896 1013 911 1038 ,
961 971 1121 1041 quim
1151 971 1359 1024 ratione
1392 988 1546 1024 com-

125 1045 308 1111 pescere
332 1052 344 1101 Ξ
371 1047 694 1100 intercedere
718 1046 1090 1116 iniquitatibus
1111 1045 1503 1115 magistratuum
1520 1060 1549 1105 ⁸,

127 1114 456 1190 infestumque
478 1121 692 1174 reddere
719 1119 982 1189 quidquid
999 1119 1121 1172 fieri
1151 1136 1264 1171 non
1294 1133 1554 1187 oportue·

124 1189 183 1241 rit
213 1196 225 1246 ἔ
260 1192 527 1261 postremo
562 1193 903 1247 velocissimi
949 1192 1137 1245 sideris
1174 1209 1326 1244 more
1362 1191 1549 1244 omnia

127 1261 327 1319 invisere
347 1307 362 1330 ‚
399 1266 586 1320 omnia
615 1267 795 1320 audire
822 1306 837 1331 ,
884 1266 936 1318 &
972 1267 1341 1333 undecumque
1377 1266 1549 1317 invo—

127 1350 277 1391 catum
313 1339 484 1394 statim
526 1341 679 1394 velut
719 1356 920 1392 numen
964 1337 1135 1391 adeffe
1174 1338 1225 1390 ὅ(
1262 1336 1540 1392 assistere!

126 1407 253 1464 Talia
270 1411 366 1465 effe
386 1412 698 1467 crediderim
724 1430 840 1482 quae
859 1411 970 1480 ipse
995 1412 1181 1463 mundi
1198 1427 1387 1480 parens
1409 1427 1547 1463 tem·

126 1497 253 1549 perat
280 1490 408 1539 nutu
431 1526 445 1551 ,
481 1487 530 1539 si
560 1488 771 1554 quando
795 1488 987 1539 oculos
1021 1484 1234 1537 demisit
1259 1484 1315 1535 in
1336 1498 1502 1536 terras
1527 1523 1546 1547 ,

128 1555 170 1606 δι
198 1556 318 1611 fasta
347 1559 661 1612 mortalium
690 1559 829 1611 inter
858 1559 1044 1610 divina
1074 1574 1239 1626 opera
1267 1573 1550 1610 numerare

126 1628 339 1699 dignatus
373 1633 445 1686 est
478 1652 496 1685 ε
541 1633 644 1702 qui
680 1649 820 1684 nunc
859 1645 1009 1699 parte
1044 1631 1178 1684 liber
1201 1632 1506 1699 solutusque
1528 1669 1547 1694 ‚

125 1705 248 1755 coelo
268 1707 468 1759 tantum
495 1720 652 1758 vacat
666 1740 683 1763 ,
717 1705 994 1774 postquam
1013 1718 1067 1758 te
1089 1703 1232 1757 dedit
1255 1741 1269 1766 ,
1309 1703 1401 1772 qui
1422 1719 1548 1774 erga

126 1789 265 1829 omne
286 1779 570 1832 hominum
602 1796 767 1848 genus
796 1779 920 1830 vice
943 1777 1035 1830 su&
1054 1776 1366 1847 fungereris,
1403 1778 1548 1829 Fun-

126 1849 243 1916 geris
264 1853 403 1906 enim
425 1893 439 1918 ,
471 1852 767 1921 sufficisque
788 1850 1057 1904 mandanti
1081 1890 1096 1914 ‚
1129 1868 1293 1920 quum
1317 1849 1414 1902 tibi
1433 1849 1548 1903 dies

126 1924 279 1978 omnis
305 1927 511 1979 summa
547 1943 666 1978 cum
691 1926 924 1978 utilitate
942 1924 1117 1976 nostra
1141 1964 1159 1988 ,
1192 1925 1395 1977 summa
1424 1939 1549 1976 cum

124 2006 202 2046 tua
217 2000 358 2051 laude
381 2001 665 2053 condatur.

184 2070 420 2127 LXXXI.
445 2072 612 2140 Quod
634 2072 681 2125 si
706 2070 918 2140 quando
939 2086 1062 2123 cum
1082 2068 1426 2123 influentibus
1448 2086 1546 2123 ne·
1569 2129 1584 2139 ,

124 2143 268 2209 sotiis
302 2146 446 2213 paria
485 2144 688 2208 fecisti,
748 2142 906 2195 instar
936 2142 1244 2196 refectionis
1275 2143 1545 2198 existimas

124 2217 454 2271 mutationem
503 2219 720 2272 laboris.
768 2219 905 2283 Quae
945 2217 1091 2269 enim
1125 2217 1376 2270 remissio
1410 2216 1544 2280 tibi,

124 2287 216 2340 nisi
256 2292 464 2346 lustrate
513 2293 673 2345 saltus
695 2331 710 2354 ,
760 2305 1009 2342 excutere
1051 2289 1313 2342 cubilibus
1353 2291 1490 2343 feras
1528 2307 1549 2355 ς

125 2358 344 2429 superare
366 2366 626 2418 immensa
651 2364 920 2417 montium
943 2362 1065 2433 iuga
1087 2402 1102 2426 ,
1136 2364 1187 2414 δε
1204 2364 1549 2416 horrentibus

124 2432 332 2504 scopulis
363 2441 582 2509 gradum
620 2438 813 2490 inferre
835 2475 850 2500 ,
884 2437 1084 2488 nullius
1107 2452 1269 2488 manu
1292 2477 1307 2500 ‚
1348 2437 1550 2490 nullius

123 2508 328 2580 vestigio
358 2513 637 2578 adjutum3
696 2525 853 2579 atque
896 2508 1036 2561 inter
1081 2511 1193 2562 haec
1240 2510 1329 2579 pia
1366 2524 1548 2561 mente

124 2580 249 2634 adire
266 2586 412 2638 lucos
436 2626 452 2650 ‚
496 2586 547 2637 &
567 2584 846 2637 occursare
875 2582 1182 2636 numinibus
1204 2585 1227 2637 ἓ
1258 2583 1414 2638 Olim
1436 2585 1554 2636 haec

124 2658 432 2728 experientia
467 2658 764 2722 juventutis
786 2696 801 2721 ,
836 2657 950 2708 haec
979 2659 1233 2726 voluptas
1257 2673 1370 2709 erat
1397 2676 1411 2710 ε
1459 2656 1547 2709 his

123 2728 299 2781 artibus
342 2732 507 2783 futuri
550 2734 706 2786 duces
747 2731 1116 2785 imbuebantur
1140 2770 1155 2793 ‚
1193 2745 1391 2783 certare
1425 2745 1549 2782 cum

122 2797 369 2868 fugacibus
412 2804 544 2860 feris
590 2804 743 2856 cursu
766 2844 781 2867 ‚
829 2821 950 2856 cum
982 2804 1258 2857 audacibus
1305 2805 1501 2856 robore
1526 2842 1544 2866 ,

122 2886 228 2924 cum
246 2878 446 2929 callidis
466 2877 572 2931 astu
591 2897 604 2930 ε
641 2893 741 2930 nec
760 2878 1029 2929 mediocre
1047 2878 1190 2944 pacis
1210 2879 1365 2929 decus
1384 2878 1549 2929 habe-

123 2943 256 3000 batur
273 2950 513 3005 submota
532 2951 733 3022 eampis
758 2951 991 3021 irruptio
1015 2951 1243 3006 ferarum
1266 2989 1282 3014 ,
1317 2951 1369 3003 δι
1399 2949 1547 3006 obsi·
