1951 3720
377 269 659 339 Epts
696 249 1309 344 rozAE.Lib.'V.
1436 289 1576 368 157

138 387 247 445 rior
290 391 344 444 δε
385 392 570 444 durior
591 431 606 455 ‚
636 392 901 463 stangeret
946 410 1035 446 me
1078 409 1255 446 tamen
1293 391 1577 446 infirmitas

138 463 308 517 liberti
341 465 451 517 mei
489 465 740 528 Zosimi,
771 465 859 517 cui
888 464 1042 519 tanto
1075 465 1246 528 major
1279 467 1579 519 humanitas

139 538 432 591 exhibenda
476 537 550 590 est
578 578 594 603 ‚
644 537 845 607 quanto
898 554 1045 594 nunc
1088 538 1180 591 ina
1222 540 1390 608 magis
1434 553 1577 608 eget.

142 611 317 668 Homo
375 613 578 679 probus
611 651 627 675 ,
665 611 936 667 officiosus
967 652 994 675 ,ss
1022 613 1284 665 litteratus
1323 632 1336 665 ι
1385 612 1438 664 8(
1492 629 1581 664 ars

142 685 348 751 quidem
380 684 494 748 eius
520 724 535 748 ‚
576 686 630 737 &
654 686 805 753 quasi
827 685 1106 753 inscriptio
1126 725 1142 748 ‚
1168 688 1444 737 comoedus
1461 723 1477 747 ‚
1519 685 1580 737 in

142 772 236 824 qua
272 758 570 825 plurimum
621 758 761 811 facit.
818 760 957 812 Nam
994 757 1312 826 'pronuntiat
1350 757 1544 811 acriter
1561 796 1580 822 ,

141 828 398 897 sapienter
417 869 432 894 ‚
478 829 602 899 apte
634 869 650 893 ‚
689 833 933 884 decenter
967 832 1168 891 etiam3
1205 831 1371 884 utitur
1409 832 1463 884 &
1498 830 1580 884 ci-

142 903 274 954 thara
306 902 488 971 perite
520 942 536 966 ‚
583 903 723 955 ultra
760 904 918 973 quam
958 906 1205 956 comoedo
1240 902 1443 957 necesse
1482 903 1578 959 est.

141 974 273 1027 Idem
323 991 438 1028 tam
481 976 764 1030 commode
807 977 1078 1030 orationes
1128 979 1181 1029 δε
1231 976 1473 1029 historias
1521 977 1576 1030 δε

143 1049 367 1101 carmina
400 1048 536 1118 legit
561 1089 577 1112 ,
622 1066 684 1102 ut
709 1051 814 1103 hoc
856 1050 1028 1102 solum
1053 1049 1285 1102 didiciss‘e
1307 1050 1575 1105 videatur.

142 1121 260 1175 Haec
280 1122 385 1175 tibi
406 1120 593 1175 sedulo
610 1123 869 1191 exposui,
887 1122 998 1191 quo
1019 1125 1187 1193 magis
1199 1122 1359 1175 scires
1381 1161 1397 1185 ‚
1417 1122 1580 1192 quam

143 1198 297 1247 multa
318 1213 463 1248 unus
484 1195 621 1248 mihi
642 1197 696 1248 &
717 1194 1110 1264 quamiucunda
1133 1195 1419 1248 ministeria
1442 1213 1579 1264 prae-

143 1266 299 1322 staret.
339 1269 565 1321 Accedit
585 1272 745 1338 longa
774 1268 878 1334 iam
910 1269 1098 1321 caritas
1131 1268 1401 1331 hominis,
1420 1285 1581 1336 quam

142 1340 244 1409 ipsa
270 1343 514 1410 pericula
536 1358 813 1395 auxerunt.
853 1342 936 1394 Est
959 1342 1106 1395 enim
1125 1342 1200 1394 ita
1223 1341 1407 1393 natura
1425 1357 1580 1393 com-

143 1430 375 1482 paratum
397 1455 415 1478 ,
446 1430 509 1467 ut
549 1415 682 1469 nihil
716 1414 867 1484 aeque
903 1433 1142 1468 amorem
1180 1414 1368 1468 incitet
1409 1415 1463 1467 &
1492 1431 1588 1468 ac·

143 1491 318 1541 cendat
341 1527 357 1551 ‚
383 1487 548 1557 quam
567 1489 777 1541 carendi
809 1503 986 1542 metus
1005 1528 1020 1552 ‚
1042 1504 1202 1557 quem
1225 1506 1331 1558 ego
1353 1504 1453 1556 pro
1475 1489 1584 1543 hoc

144 1578 248 1613 non
288 1563 457 1615 semel
498 1562 695 1629 patior.
753 1563 890 1620 Nam
944 1577 1066 1614 ante
1113 1562 1320 1630 aliquot
1358 1578 1534 1614 annos
1563 1600 1582 1627 ,

143 1635 296 1686 dum
282 1634 495 1687 intente
515 1634 868 1703 instanterque
897 1634 1236 1702 pronuntiat
1269 1635 1583 1702 sanguinem

143 1707 363 1772 rejecit,
404 1724 567 1777 atque
588 1708 659 1760 ob
680 1708 816 1760 hoc
802 1726 860 1760 ιιι
891 1708 1184 1777 AEgyptum
1204 1705 1385 1758 miffus
1404 1724 1431 1758 a
1453 1723 1541 1759 me
1564 1742 1586 1771 ‚

142 1782 253 1850 post
282 1785 508 1855 longam
542 1782 1026 1853 peregrinationem
1063 1779 1407 1833 confirmatus
1427 1780 1585 1832 rediit

145 1872 351 1926 nuper:
398 1856 592 1910 deinde
632 1859 757 1910 dum
798 1873 893 1925 per
929 1853 1218 1908 continuos
1254 1853 1368 1907 dies
1417 1852 1584 1907 nimis

145 1929 365 2000 imperat
395 1931 567 1994 voci,
597 1930 798 1984 veteris
829 1927 1158 1981 infirmitatis
1195 1926 1451 1980 tussicula
1485 1928 1585 1979 ad·

148 2006 428 2068 monitus,
474 2004 651 2056 rursus
692 2003 999 2087 sanguinem
1041 2001 1286 2054 reddidit.
1342 2001 1463 2066 Qua
1509 2016 1584 2053 ex

148 2080 289 2132 causa
322 2076 587 2131 destinavi
625 2094 752 2131 eum
773 2076 987 2128 mittere
1018 2074 1076 2126 in
1102 2074 1296 2143 praedia
1313 2086 1402 2126 tua
1422 2113 1437 2138 ‚
1462 2089 1585 2145 quan

147 2150 406 2217 foroiulii
448 2150 711 2219 possides.
757 2148 956 2201 Audivi
992 2148 1143 2200 enim
1183 2163 1239 2200 te
1272 2146 1409 2214 saepe
1445 2148 1588 2199 refe-

147 2241 385 2288 rentem
422 2222 528 2276 effe
550 2224 625 2276 ibi
647 2225 698 2275 &
717 2224 891 2275 aerem
916 2221 1209 2283 salubrem,
1249 2221 1301 2271 &
1334 2221 1413 2272 lac
1442 2218 1584 2284 eius-

148 2297 290 2349 modi
325 2296 696 2350 curationibus
744 2258 1371 2347 accommodatissimum.
1422 2293 1588 2363 Rogo

147 2385 272 2440 ergo
291 2371 488 2423 scribas
523 2369 660 2432 tuis,
688 2383 747 2420 ut
769 2370 850 2422 illi
877 2368 1046 2429 villa,
1072 2381 1131 2418 ut
1163 2368 1351 2418 domus
1370 2381 1577 2433 pateat·
1564 2399 1584 2425 ‚

147 2443 371 2496 offerant
391 2442 555 2495 etiam
584 2441 875 2509 sumptibus
898 2440 1046 2505 ejus,
1064 2440 1111 2493 si
1132 2439 1260 2508 quid
1289 2455 1425 2506 opus
1449 2438 1579 2490 erit·
1564 2472 1587 2498 ,

146 2516 248 2570 erit
285 2533 465 2570 autem
492 2533 628 2584 opus
659 2516 891 2568 modico.
947 2512 1033 2565 Est
1066 2513 1212 2565 enim
1250 2525 1361 2563 tam
1397 2526 1588 2579 parcus

150 2589 201 2642 &
247 2589 534 2642 continens
565 2627 585 2652 ,
621 2604 681 2640 ut
721 2605 833 2641 non
877 2587 1049 2639 solum
1090 2584 1301 2638 delicias
1334 2622 1348 2647 ‚
1392 2584 1589 2638 verum

148 2663 309 2715 etiam
369 2662 713 2716 necessitates
758 2658 1087 2713 valetudinis
1142 2657 1440 2727 frugalitate
1497 2671 1586 2707 re-

147 2734 380 2805 stringat.
426 2738 539 2804 Ego
574 2733 931 2803 proficiscenti
960 2746 1165 2785 tantum
1200 2730 1386 2783 viatici
1404 2730 1539 2782 dabo
1566 2761 1593 2793 ,

151 2824 404 2880 quantum
443 2808 667 2863 sufficiat
688 2807 838 2861 eunti
855 2806 914 2859 in
934 2820 1044 2860 tua.
1081 2806 1239 2859 Vale.
