<?xml version="1.0" encoding="UTF-8"?>
<!DOCTYPE html PUBLIC "-//W3C//DTD XHTML 1.0 Transitional//EN"
    "http://www.w3.org/TR/xhtml1/DTD/xhtml1-transitional.dtd">
<html xmlns="http://www.w3.org/1999/xhtml" xml:lang="en" lang="en">
 <head>
  <title>
</title>
<meta http-equiv="Content-Type" content="text/html;charset=utf-8" />
  <meta name='ocr-system' content='tesseract 3.04.00' />
  <meta name='ocr-capabilities' content='ocr_page ocr_carea ocr_par ocr_line ocrx_word'/>
</head>
<body>
  <div class='ocr_page' id='page_1' title='image "./panegyricus00lallgoog_0082.png"; bbox 0 0 1951 3720; ppageno 0'>
   <div class='ocr_carea' id='block_1_1' title="bbox 327 239 1415 312">
    <p class='ocr_par' dir='ltr' id='par_1_1' title="bbox 327 239 1415 312">
     <span class='ocr_line' id='line_1_1' title="bbox 327 239 1415 312; baseline 0.001 -1"><span class='ocrx_word' id='word_1_1' title='bbox 327 239 422 311; x_wconf 83' lang='lat'>60</span> <span class='ocrx_word' id='word_1_2' title='bbox 673 241 933 309; x_wconf 72' lang='lat' dir='ltr'>CAH</span> <span class='ocrx_word' id='word_1_3' title='bbox 1005 241 1415 312; x_wconf 65' lang='lat' dir='ltr'><strong><em>PLINIJ</em></strong></span> 
     </span>
    </p>
   </div>
   <div class='ocr_carea' id='block_1_2' title="bbox 294 355 1789 1971">
    <p class='ocr_par' dir='ltr' id='par_1_2' title="bbox 323 355 1773 498">
     <span class='ocr_line' id='line_1_2' title="bbox 323 355 1773 435; baseline 0.006 -27"><span class='ocrx_word' id='word_1_4' title='bbox 323 355 579 423; x_wconf 73' lang='lat' dir='ltr'>juveneS‚</span> <span class='ocrx_word' id='word_1_5' title='bbox 599 371 661 408; x_wconf 89' lang='lat' dir='ltr'>ut</span> <span class='ocrx_word' id='word_1_6' title='bbox 679 358 947 419; x_wconf 77' lang='lat' dir='ltr'>solebam3</span> <span class='ocrx_word' id='word_1_7' title='bbox 968 373 1124 429; x_wconf 83' lang='lat' dir='ltr'>atque</span> <span class='ocrx_word' id='word_1_8' title='bbox 1147 362 1307 415; x_wconf 86' lang='lat' dir='ltr'>etiam</span> <span class='ocrx_word' id='word_1_9' title='bbox 1327 360 1581 435; x_wconf 78' lang='lat' dir='ltr'>experior</span> <span class='ocrx_word' id='word_1_10' title='bbox 1599 368 1773 431; x_wconf 62' lang='lat' dir='ltr'>qnam*</span> 
     </span>
     <span class='ocr_line' id='line_1_3' title="bbox 323 431 1771 498; baseline 0.006 -17"><span class='ocrx_word' id='word_1_11' title='bbox 323 445 440 481; x_wconf 87' lang='lat' dir='ltr'>tum</span> <span class='ocrx_word' id='word_1_12' title='bbox 494 433 631 498; x_wconf 89' lang='lat' dir='ltr'>apud</span> <span class='ocrx_word' id='word_1_13' title='bbox 678 431 802 483; x_wconf 85' lang='lat' dir='ltr'>illos</span> <span class='ocrx_word' id='word_1_14' title='bbox 839 433 1166 487; x_wconf 57' lang='lat' dir='ltr'>auctoritatis</span> <span class='ocrx_word' id='word_1_15' title='bbox 1203 454 1275 489; x_wconf 86' lang='lat' dir='ltr'>ex</span> <span class='ocrx_word' id='word_1_16' title='bbox 1309 435 1488 488; x_wconf 80' lang='lat' dir='ltr'>studiis</span> <span class='ocrx_word' id='word_1_17' title='bbox 1525 432 1771 490; x_wconf 84' lang='lat' dir='ltr'>habeam.</span> 
     </span>
    </p>

    <p class='ocr_par' dir='ltr' id='par_1_3' title="bbox 294 503 1789 1971">
     <span class='ocr_line' id='line_1_4' title="bbox 324 503 1772 575; baseline 0.005 -20"><span class='ocrx_word' id='word_1_18' title='bbox 324 504 464 555; x_wconf 86' lang='lat' dir='ltr'>Nam</span> <span class='ocrx_word' id='word_1_19' title='bbox 484 503 736 573; x_wconf 84' lang='lat' dir='ltr'>proxime</span> <span class='ocrx_word' id='word_1_20' title='bbox 752 506 1017 575; x_wconf 86' lang='lat' dir='ltr'>frequenti</span> <span class='ocrx_word' id='word_1_21' title='bbox 1042 509 1307 561; x_wconf 88' lang='lat' dir='ltr'>auditorio</span> <span class='ocrx_word' id='word_1_22' title='bbox 1339 509 1478 560; x_wconf 88' lang='lat' dir='ltr'>inter</span> <span class='ocrx_word' id='word_1_23' title='bbox 1508 509 1561 561; x_wconf 84' lang='lat' dir='ltr'>se</span> <span class='ocrx_word' id='word_1_24' title='bbox 1585 526 1772 562; x_wconf 82' lang='lat' dir='ltr'>coram</span> 
     </span>
     <span class='ocr_line' id='line_1_5' title="bbox 324 577 1775 651; baseline 0.003 -22"><span class='ocrx_word' id='word_1_25' title='bbox 324 577 509 634; x_wconf 80' lang='lat' dir='ltr'>multis</span> <span class='ocrx_word' id='word_1_26' title='bbox 541 579 746 630; x_wconf 77' lang='lat' dir='ltr'>ordinis</span> <span class='ocrx_word' id='word_1_27' title='bbox 768 580 931 631; x_wconf 89' lang='lat' dir='ltr'>nostri</span> <span class='ocrx_word' id='word_1_28' title='bbox 953 580 1091 634; x_wconf 77' lang='lat' dir='ltr'>clare</span> <span class='ocrx_word' id='word_1_29' title='bbox 1120 582 1545 651; x_wconf 76' lang='lat' dir='ltr'>loquebantnr3</span> <span class='ocrx_word' id='word_1_30' title='bbox 1534 582 1775 647; x_wconf 41' lang='lat' dir='ltr'>intravit</span> 
     </span>
     <span class='ocr_line' id='line_1_6' title="bbox 325 652 1772 718; baseline 0.003 -16"><span class='ocrx_word' id='word_1_31' title='bbox 325 652 714 704; x_wconf 82' lang='lat' dir='ltr'>conticuerunt.</span> <span class='ocrx_word' id='word_1_32' title='bbox 756 653 919 718; x_wconf 85' lang='lat' dir='ltr'>Quod</span> <span class='ocrx_word' id='word_1_33' title='bbox 948 671 1060 705; x_wconf 88' lang='lat' dir='ltr'>non</span> <span class='ocrx_word' id='word_1_34' title='bbox 1090 657 1339 708; x_wconf 88' lang='lat' dir='ltr'>referrem</span> <span class='ocrx_word' id='word_1_35' title='bbox 1361 695 1376 718; x_wconf 90' lang='lat'>‚</span> <span class='ocrx_word' id='word_1_36' title='bbox 1401 655 1509 707; x_wconf 88' lang='lat' dir='ltr'>nisi</span> <span class='ocrx_word' id='word_1_37' title='bbox 1545 657 1611 707; x_wconf 85' lang='lat' dir='ltr'>ad</span> <span class='ocrx_word' id='word_1_38' title='bbox 1639 656 1772 707; x_wconf 86' lang='lat' dir='ltr'>iuo-</span> 
     </span>
     <span class='ocr_line' id='line_1_7' title="bbox 325 726 1768 796; baseline 0.003 -19"><span class='ocrx_word' id='word_1_39' title='bbox 325 743 446 777; x_wconf 84' lang='lat' dir='ltr'>rum</span> <span class='ocrx_word' id='word_1_40' title='bbox 475 726 642 794; x_wconf 86' lang='lat' dir='ltr'>magis</span> <span class='ocrx_word' id='word_1_41' title='bbox 680 728 889 777; x_wconf 84' lang='lat' dir='ltr'>laudem</span> <span class='ocrx_word' id='word_1_42' title='bbox 930 726 1089 795; x_wconf 73' lang='lat' dir='ltr'>quam</span> <span class='ocrx_word' id='word_1_43' title='bbox 1126 731 1191 780; x_wconf 89' lang='lat' dir='ltr'>ad</span> <span class='ocrx_word' id='word_1_44' title='bbox 1225 745 1397 782; x_wconf 87' lang='lat' dir='ltr'>meam</span> <span class='ocrx_word' id='word_1_45' title='bbox 1438 729 1768 796; x_wconf 65' lang='lat' dir='ltr'>pertinet-ev,</span> 
     </span>
     <span class='ocr_line' id='line_1_8' title="bbox 327 798 1768 869; baseline 0.003 -19"><span class='ocrx_word' id='word_1_46' title='bbox 327 815 388 850; x_wconf 85' lang='lat' dir='ltr'>ac</span> <span class='ocrx_word' id='word_1_47' title='bbox 432 798 535 850; x_wconf 90' lang='lat' dir='ltr'>nisi</span> <span class='ocrx_word' id='word_1_48' title='bbox 570 799 774 866; x_wconf 86' lang='lat' dir='ltr'>sperare</span> <span class='ocrx_word' id='word_1_49' title='bbox 806 813 858 851; x_wconf 88' lang='lat' dir='ltr'>te</span> <span class='ocrx_word' id='word_1_50' title='bbox 893 803 1092 852; x_wconf 84' lang='lat' dir='ltr'>vellem</span> <span class='ocrx_word' id='word_1_51' title='bbox 1115 801 1263 869; x_wconf 80' lang='lat' dir='ltr'>pofl‘e</span> <span class='ocrx_word' id='word_1_52' title='bbox 1299 802 1473 854; x_wconf 85' lang='lat' dir='ltr'>fratris</span> <span class='ocrx_word' id='word_1_53' title='bbox 1499 802 1578 853; x_wconf 89' lang='lat' dir='ltr'>tui</span> <span class='ocrx_word' id='word_1_54' title='bbox 1619 801 1768 854; x_wconf 81' lang='lat' dir='ltr'>filios</span> 
     </span>
     <span class='ocr_line' id='line_1_9' title="bbox 326 870 1772 944; baseline 0.002 -21"><span class='ocrx_word' id='word_1_55' title='bbox 326 870 495 940; x_wconf 79' lang='lat' dir='ltr'>prob&#39;e</span> <span class='ocrx_word' id='word_1_56' title='bbox 525 872 739 925; x_wconf 83' lang='lat' dir='ltr'><strong>discere.</strong></span> <span class='ocrx_word' id='word_1_57' title='bbox 781 873 943 937; x_wconf 83' lang='lat' dir='ltr'>Quod</span> <span class='ocrx_word' id='word_1_58' title='bbox 970 873 1199 941; x_wconf 78' lang='lat' dir='ltr'>superest</span> <span class='ocrx_word' id='word_1_59' title='bbox 1221 914 1244 938; x_wconf 69' lang='grc'>,</span> <span class='ocrx_word' id='word_1_60' title='bbox 1262 892 1430 944; x_wconf 88' lang='lat' dir='ltr'>quum</span> <span class='ocrx_word' id='word_1_61' title='bbox 1457 891 1646 926; x_wconf 88' lang='lat' dir='ltr'>omnes</span> <span class='ocrx_word' id='word_1_62' title='bbox 1675 874 1772 942; x_wconf 75' lang='lat' dir='ltr'>qui</span> 
     </span>
     <span class='ocr_line' id='line_1_10' title="bbox 327 943 1774 1016; baseline 0.003 -21"><span class='ocrx_word' id='word_1_63' title='bbox 327 943 648 1013; x_wconf 88' lang='lat' dir='ltr'><strong>profitentur</strong></span> <span class='ocrx_word' id='word_1_64' title='bbox 702 947 928 998; x_wconf 78' lang='lat' dir='ltr'>audiero</span> <span class='ocrx_word' id='word_1_65' title='bbox 951 985 971 1009; x_wconf 64' lang='grc'>,</span> <span class='ocrx_word' id='word_1_66' title='bbox 1011 946 1145 1015; x_wconf 84' lang='lat' dir='ltr'>quid</span> <span class='ocrx_word' id='word_1_67' title='bbox 1178 948 1240 1000; x_wconf 91' lang='lat' dir='ltr'>de</span> <span class='ocrx_word' id='word_1_68' title='bbox 1281 964 1497 1016; x_wconf 86' lang='lat' dir='ltr'>quoque</span> <span class='ocrx_word' id='word_1_69' title='bbox 1543 947 1774 1000; x_wconf 83' lang='lat' dir='ltr'>sentiam.</span> 
     </span>
     <span class='ocr_line' id='line_1_11' title="bbox 328 1019 1779 1088; baseline 0.001 -18"><span class='ocrx_word' id='word_1_70' title='bbox 328 1019 591 1078; x_wconf 77' lang='lat' dir='ltr'>scribam·,</span> <span class='ocrx_word' id='word_1_71' title='bbox 623 1019 991 1087; x_wconf 79' lang='lat' dir='ltr'>efficiamque,</span> <span class='ocrx_word' id='word_1_72' title='bbox 1028 1036 1294 1088; x_wconf 85' lang='lat' dir='ltr'>quantum</span> <span class='ocrx_word' id='word_1_73' title='bbox 1322 1035 1499 1072; x_wconf 89' lang='lat' dir='ltr'>tamen</span> <span class='ocrx_word' id='word_1_74' title='bbox 1543 1019 1779 1088; x_wconf 73' lang='lat' dir='ltr'>epistola·</span> 
     </span>
     <span class='ocr_line' id='line_1_12' title="bbox 327 1091 1783 1160; baseline 0.001 -16"><span class='ocrx_word' id='word_1_75' title='bbox 327 1091 589 1160; x_wconf 83' lang='lat' dir='ltr'>consequi-</span> <span class='ocrx_word' id='word_1_76' title='bbox 621 1106 814 1159; x_wconf 79' lang='lat' dir='ltr'>potero</span> <span class='ocrx_word' id='word_1_77' title='bbox 837 1131 852 1154; x_wconf 83' lang='lat'>,</span> <span class='ocrx_word' id='word_1_78' title='bbox 893 1108 953 1144; x_wconf 79' lang='lat' dir='ltr'>ut</span> <span class='ocrx_word' id='word_1_79' title='bbox 985 1091 1095 1160; x_wconf 86' lang='lat' dir='ltr'>ipse</span> <span class='ocrx_word' id='word_1_80' title='bbox 1137 1111 1324 1146; x_wconf 86' lang='lat' dir='ltr'>omnes</span> <span class='ocrx_word' id='word_1_81' title='bbox 1355 1092 1547 1146; x_wconf 79' lang='lat' dir='ltr'>audiss&#39;e</span> <span class='ocrx_word' id='word_1_82' title='bbox 1582 1096 1783 1147; x_wconf 71' lang='lat' dir='ltr'>videa·</span> 
     </span>
     <span class='ocr_line' id='line_1_13' title="bbox 329 1165 1784 1229; baseline 0.003 -14"><span class='ocrx_word' id='word_1_83' title='bbox 329 1165 422 1218; x_wconf 76' lang='lat' dir='ltr'>ris,</span> <span class='ocrx_word' id='word_1_84' title='bbox 483 1167 683 1217; x_wconf 87' lang='lat' dir='ltr'>Debeo·</span> <span class='ocrx_word' id='word_1_85' title='bbox 707 1166 852 1217; x_wconf 82' lang='lat' dir='ltr'>enim</span> <span class='ocrx_word' id='word_1_86' title='bbox 893 1165 991 1218; x_wconf 87' lang='lat' dir='ltr'>tibi</span> <span class='ocrx_word' id='word_1_87' title='bbox 1011 1205 1026 1229; x_wconf 90' lang='lat'>,</span> <span class='ocrx_word' id='word_1_88' title='bbox 1072 1169 1237 1220; x_wconf 89' lang='lat' dir='ltr'>debeo</span> <span class='ocrx_word' id='word_1_89' title='bbox 1284 1167 1569 1220; x_wconf 63' lang='lat' dir='ltr'>memoriae„</span> <span class='ocrx_word' id='word_1_90' title='bbox 1593 1167 1784 1220; x_wconf 68' lang='lat' dir='ltr'>fratris</span> 
     </span>
     <span class='ocr_line' id='line_1_14' title="bbox 328 1237 1782 1309; baseline 0.002 -19"><span class='ocrx_word' id='word_1_91' title='bbox 328 1239 411 1290; x_wconf 85' lang='lat' dir='ltr'>tui</span> <span class='ocrx_word' id='word_1_92' title='bbox 450 1238 584 1292; x_wconf 86' lang='lat' dir='ltr'>hanc</span> <span class='ocrx_word' id='word_1_93' title='bbox 617 1237 778 1290; x_wconf 87' lang='lat' dir='ltr'>fidem</span> <span class='ocrx_word' id='word_1_94' title='bbox 807 1277 822 1301; x_wconf 91' lang='lat'><strong>‚</strong></span> <span class='ocrx_word' id='word_1_95' title='bbox 853 1240 956 1292; x_wconf 87' lang='lat' dir='ltr'>hoc</span> <span class='ocrx_word' id='word_1_96' title='bbox 988 1239 1212 1293; x_wconf 85' lang='lat' dir='ltr'>studium</span> <span class='ocrx_word' id='word_1_97' title='bbox 1232 1281 1247 1304; x_wconf 91' lang='lat'>‚</span> <span class='ocrx_word' id='word_1_98' title='bbox 1285 1240 1578 1308; x_wconf 67' lang='lat' dir='ltr'>praesertim</span> <span class='ocrx_word' id='word_1_99' title='bbox 1612 1240 1782 1309; x_wconf 78' lang='lat' dir='ltr'>super</span> 
     </span>
     <span class='ocr_line' id='line_1_15' title="bbox 329 1312 1786 1382; baseline -0.002 -18"><span class='ocrx_word' id='word_1_100' title='bbox 329 1325 476 1365; x_wconf 87' lang='lat' dir='ltr'>tanta</span> <span class='ocrx_word' id='word_1_101' title='bbox 512 1329 587 1365; x_wconf 89' lang='lat' dir='ltr'>re.</span> <span class='ocrx_word' id='word_1_102' title='bbox 630 1313 769 1363; x_wconf 83' lang='lat' dir='ltr'>Nam</span> <span class='ocrx_word' id='word_1_103' title='bbox 801 1312 928 1380; x_wconf 89' lang='lat' dir='ltr'>quid</span> <span class='ocrx_word' id='word_1_104' title='bbox 945 1314 1112 1382; x_wconf 81' lang='lat' dir='ltr'>magis</span> <span class='ocrx_word' id='word_1_105' title='bbox 1134 1313 1343 1366; x_wconf 87' lang='lat' dir='ltr'>interest</span> <span class='ocrx_word' id='word_1_106' title='bbox 1372 1313 1542 1366; x_wconf 69' lang='lat' dir='ltr'>vestra</span> <span class='ocrx_word' id='word_1_107' title='bbox 1562 1352 1578 1376; x_wconf 89' lang='lat'>‚</span> <span class='ocrx_word' id='word_1_108' title='bbox 1611 1313 1786 1382; x_wconf 78' lang='lat' dir='ltr'>quam-</span> 
     </span>
     <span class='ocr_line' id='line_1_16' title="bbox 329 1385 1774 1456; baseline 0.002 -19"><span class='ocrx_word' id='word_1_109' title='bbox 329 1401 391 1437; x_wconf 89' lang='lat' dir='ltr'>ut</span> <span class='ocrx_word' id='word_1_110' title='bbox 432 1385 632 1452; x_wconf 80' lang='lat' dir='ltr'>liberi(</span> <span class='ocrx_word' id='word_1_111' title='bbox 669 1386 898 1437; x_wconf 82' lang='lat' dir='ltr'>dicerem</span> <span class='ocrx_word' id='word_1_112' title='bbox 946 1386 1064 1449; x_wconf 78' lang='lat' dir='ltr'>tui,</span> <span class='ocrx_word' id='word_1_113' title='bbox 1099 1387 1204 1439; x_wconf 87' lang='lat' dir='ltr'>nisi</span> <span class='ocrx_word' id='word_1_114' title='bbox 1249 1404 1388 1439; x_wconf 88' lang='lat' dir='ltr'>nunc</span> <span class='ocrx_word' id='word_1_115' title='bbox 1424 1389 1548 1440; x_wconf 87' lang='lat' dir='ltr'>illos</span> <span class='ocrx_word' id='word_1_116' title='bbox 1599 1387 1774 1456; x_wconf 85' lang='lat' dir='ltr'>magis</span> 
     </span>
     <span class='ocr_line' id='line_1_17' title="bbox 329 1458 1778 1528; baseline 0.003 -18"><span class='ocrx_word' id='word_1_117' title='bbox 329 1476 545 1510; x_wconf 44' lang='lat' dir='ltr'>amaress</span> <span class='ocrx_word' id='word_1_118' title='bbox 558 1459 587 1526; x_wconf 32' lang='grc'>),,</span> <span class='ocrx_word' id='word_1_119' title='bbox 601 1458 746 1527; x_wconf 85' lang='lat' dir='ltr'>digni</span> <span class='ocrx_word' id='word_1_120' title='bbox 771 1460 867 1511; x_wconf 82' lang='lat' dir='ltr'>ino</span> <span class='ocrx_word' id='word_1_121' title='bbox 891 1474 1067 1527; x_wconf 85' lang='lat' dir='ltr'>patre,</span> <span class='ocrx_word' id='word_1_122' title='bbox 1100 1475 1156 1511; x_wconf 92' lang='lat' dir='ltr'>te</span> <span class='ocrx_word' id='word_1_123' title='bbox 1174 1477 1363 1528; x_wconf 85' lang='lat' dir='ltr'>patruo</span> <span class='ocrx_word' id='word_1_124' title='bbox 1398 1460 1728 1528; x_wconf 83' lang='lat' dir='ltr'>reperiantur</span> <span class='ocrx_word' id='word_1_125' title='bbox 1750 1463 1778 1514; x_wconf 69' lang='grc' dir='ltr'><strong><em>ἓ</em></strong></span> 
     </span>
     <span class='ocr_line' id='line_1_18' title="bbox 331 1532 1782 1598; baseline 0.001 -15"><span class='ocrx_word' id='word_1_126' title='bbox 331 1533 510 1598; x_wconf 82' lang='lat' dir='ltr'>Quam</span> <span class='ocrx_word' id='word_1_127' title='bbox 525 1549 703 1584; x_wconf 83' lang='lat' dir='ltr'>curam</span> <span class='ocrx_word' id='word_1_128' title='bbox 728 1532 891 1595; x_wconf 78' lang='lat' dir='ltr'>mihi,</span> <span class='ocrx_word' id='word_1_129' title='bbox 915 1534 1080 1585; x_wconf 68' lang='lat' dir='ltr'>etiam⁴</span> <span class='ocrx_word' id='word_1_130' title='bbox 1102 1533 1148 1584; x_wconf 88' lang='lat' dir='ltr'>si</span> <span class='ocrx_word' id='word_1_131' title='bbox 1165 1551 1278 1586; x_wconf 89' lang='lat' dir='ltr'>non</span> <span class='ocrx_word' id='word_1_132' title='bbox 1300 1533 1584 1585; x_wconf 80' lang='lat' dir='ltr'>mandaffes</span> <span class='ocrx_word' id='word_1_133' title='bbox 1600 1573 1615 1596; x_wconf 90' lang='lat'>‚</span> <span class='ocrx_word' id='word_1_134' title='bbox 1644 1533 1782 1586; x_wconf 84' lang='lat' dir='ltr'>vin·</span> 
     </span>
     <span class='ocr_line' id='line_1_19' title="bbox 322 1604 1787 1678; baseline 0 -22"><span class='ocrx_word' id='word_1_135' title='bbox 322 1604 593 1678; x_wconf 66' lang='lat' dir='ltr'>plicaffem.</span> <span class='ocrx_word' id='word_1_136' title='bbox 650 1606 763 1657; x_wconf 84' lang='lat' dir='ltr'>Nec</span> <span class='ocrx_word' id='word_1_137' title='bbox 810 1606 1005 1674; x_wconf 88' lang='lat' dir='ltr'>ignoro</span> <span class='ocrx_word' id='word_1_138' title='bbox 1047 1606 1399 1674; x_wconf 86' lang='lat' dir='ltr'>suscipiendas</span> <span class='ocrx_word' id='word_1_139' title='bbox 1443 1605 1671 1658; x_wconf 82' lang='lat' dir='ltr'>offensas</span> <span class='ocrx_word' id='word_1_140' title='bbox 1714 1606 1787 1658; x_wconf 88' lang='lat' dir='ltr'>in.</span> 
     </span>
     <span class='ocr_line' id='line_1_20' title="bbox 330 1679 1786 1748; baseline 0.001 -18"><span class='ocrx_word' id='word_1_141' title='bbox 330 1679 581 1748; x_wconf 89' lang='lat' dir='ltr'>eligendo</span> <span class='ocrx_word' id='word_1_142' title='bbox 606 1695 962 1746; x_wconf 78' lang='lat' dir='ltr'>praeceptore:</span> <span class='ocrx_word' id='word_1_143' title='bbox 986 1680 1074 1731; x_wconf 91' lang='lat' dir='ltr'>sed</span> <span class='ocrx_word' id='word_1_144' title='bbox 1097 1695 1314 1747; x_wconf 90' lang='lat' dir='ltr'>oportet</span> <span class='ocrx_word' id='word_1_145' title='bbox 1350 1697 1435 1731; x_wconf 89' lang='lat' dir='ltr'>me</span> <span class='ocrx_word' id='word_1_146' title='bbox 1473 1696 1585 1731; x_wconf 89' lang='lat' dir='ltr'>non</span> <span class='ocrx_word' id='word_1_147' title='bbox 1607 1679 1786 1732; x_wconf 63' lang='lat' dir='ltr'>modo</span> 
     </span>
     <span class='ocr_line' id='line_1_21' title="bbox 294 1751 1777 1820; baseline 0.001 -16"><span class='ocrx_word' id='word_1_148' title='bbox 294 1775 298 1783; x_wconf 70' lang='lat'><strong><em>¹</em></strong></span> <span class='ocrx_word' id='word_1_149' title='bbox 332 1751 562 1805; x_wconf 86' lang='lat' dir='ltr'>offensas</span> <span class='ocrx_word' id='word_1_150' title='bbox 588 1792 603 1816; x_wconf 83' lang='lat'>‚</span> <span class='ocrx_word' id='word_1_151' title='bbox 640 1752 831 1804; x_wconf 69' lang='lat' dir='ltr'>verum</span> <span class='ocrx_word' id='word_1_152' title='bbox 867 1752 1030 1804; x_wconf 84' lang='lat' dir='ltr'>etiam</span> <span class='ocrx_word' id='word_1_153' title='bbox 1054 1753 1347 1806; x_wconf 87' lang='lat' dir='ltr'>simultates</span> <span class='ocrx_word' id='word_1_154' title='bbox 1370 1770 1472 1820; x_wconf 90' lang='lat' dir='ltr'>pro</span> <span class='ocrx_word' id='word_1_155' title='bbox 1496 1753 1669 1805; x_wconf 87' lang='lat' dir='ltr'>fratris</span> <span class='ocrx_word' id='word_1_156' title='bbox 1694 1752 1777 1805; x_wconf 85' lang='lat' dir='ltr'>tui</span> 
     </span>
     <span class='ocr_line' id='line_1_22' title="bbox 330 1825 1789 1897; baseline 0.003 -19"><span class='ocrx_word' id='word_1_157' title='bbox 330 1825 462 1879; x_wconf 85' lang='lat' dir='ltr'>filiis</span> <span class='ocrx_word' id='word_1_158' title='bbox 501 1836 611 1878; x_wconf 83' lang='lat' dir='ltr'>tam</span> <span class='ocrx_word' id='word_1_159' title='bbox 650 1843 806 1895; x_wconf 83' lang='lat' dir='ltr'>aequo</span> <span class='ocrx_word' id='word_1_160' title='bbox 849 1825 1030 1881; x_wconf 88' lang='lat' dir='ltr'>animo</span> <span class='ocrx_word' id='word_1_161' title='bbox 1067 1827 1237 1880; x_wconf 86' lang='lat' dir='ltr'>subire</span> <span class='ocrx_word' id='word_1_162' title='bbox 1259 1866 1284 1891; x_wconf 79' lang='lat'>‚.</span> <span class='ocrx_word' id='word_1_163' title='bbox 1328 1825 1487 1897; x_wconf 74' lang='lat' dir='ltr'>quam</span> <span class='ocrx_word' id='word_1_164' title='bbox 1527 1841 1789 1896; x_wconf 64' lang='lat' dir='ltr'>parente&amp;</span> 
     </span>
     <span class='ocr_line' id='line_1_23' title="bbox 334 1901 777 1971; baseline 0.002 -19"><span class='ocrx_word' id='word_1_165' title='bbox 334 1918 439 1969; x_wconf 79' lang='lat' dir='ltr'>pro</span> <span class='ocrx_word' id='word_1_166' title='bbox 464 1901 593 1971; x_wconf 31' lang='lat' dir='ltr'>suis..</span> <span class='ocrx_word' id='word_1_167' title='bbox 638 1901 777 1953; x_wconf 83' lang='lat' dir='ltr'>Vale</span> 
     </span>
    </p>
   </div>
   <div class='ocr_carea' id='block_1_3' title="bbox 441 2014 1665 2070">
    <p class='ocr_par' dir='ltr' id='par_1_4' title="bbox 441 2014 1665 2070">
     <span class='ocr_line' id='line_1_24' title="bbox 441 2014 1665 2070; baseline 0.002 -4"><span class='ocrx_word' id='word_1_168' title='bbox 441 2014 617 2067; x_wconf 85' lang='lat' dir='ltr'>XIX.</span> <span class='ocrx_word' id='word_1_169' title='bbox 661 2014 989 2067; x_wconf 73' lang='lat' dir='ltr'>Ptuuvs</span> <span class='ocrx_word' id='word_1_170' title='bbox 1034 2017 1379 2069; x_wconf 12' lang='lat' dir='ltr'>CEREVAtl</span> <span class='ocrx_word' id='word_1_171' title='bbox 1423 2029 1567 2069; x_wconf 77' lang='lat' dir='ltr'>suo</span> <span class='ocrx_word' id='word_1_172' title='bbox 1609 2017 1665 2070; x_wconf 85' lang='lat' dir='ltr'>S.</span> 
     </span>
    </p>
   </div>
   <div class='ocr_carea' id='block_1_4' title="bbox 336 2130 1856 2420">
    <p class='ocr_par' dir='ltr' id='par_1_5' title="bbox 336 2130 1856 2420">
     <span class='ocr_line' id='line_1_25' title="bbox 336 2130 1784 2196; baseline -0.002 -12"><span class='ocrx_word' id='word_1_173' title='bbox 336 2131 551 2184; x_wconf 79' lang='lat' dir='ltr'>Dubitat</span> <span class='ocrx_word' id='word_1_174' title='bbox 608 2151 668 2181; x_wconf 84' lang='lat' dir='ltr'>an</span> <span class='ocrx_word' id='word_1_175' title='bbox 716 2130 872 2181; x_wconf 79' lang='lat' dir='ltr'>oratio</span> <span class='ocrx_word' id='word_1_176' title='bbox 919 2130 984 2178; x_wconf 77' lang='lat' dir='ltr'>sit</span> <span class='ocrx_word' id='word_1_177' title='bbox 1033 2130 1192 2181; x_wconf 76' lang='lat' dir='ltr'>amicis</span> <span class='ocrx_word' id='word_1_178' title='bbox 1229 2130 1442 2196; x_wconf 79' lang='lat' dir='ltr'>pluribus</span> <span class='ocrx_word' id='word_1_179' title='bbox 1486 2134 1784 2191; x_wconf 77' lang='lat' dir='ltr'>recitanda,</span> 
     </span>
     <span class='ocr_line' id='line_1_26' title="bbox 402 2201 1793 2275; baseline 0.002 -22"><span class='ocrx_word' id='word_1_180' title='bbox 402 2204 585 2275; x_wconf 73' lang='lat' dir='ltr'>fizaeque</span> <span class='ocrx_word' id='word_1_181' title='bbox 621 2203 928 2253; x_wconf 71' lang='lat' dir='ltr'>dubitationis</span> <span class='ocrx_word' id='word_1_182' title='bbox 958 2201 1120 2267; x_wconf 81' lang='lat' dir='ltr'><strong><em>causas</em></strong></span> <span class='ocrx_word' id='word_1_183' title='bbox 1154 2202 1314 2268; x_wconf 74' lang='lat' dir='ltr'>affin.</span> <span class='ocrx_word' id='word_1_184' title='bbox 1357 2203 1561 2254; x_wconf 81' lang='lat' dir='ltr'>Videtur</span> <span class='ocrx_word' id='word_1_185' title='bbox 1583 2207 1660 2254; x_wconf 75' lang='lat' dir='ltr'>hic</span> <span class='ocrx_word' id='word_1_186' title='bbox 1698 2207 1793 2274; x_wconf 64' lang='lat' dir='ltr'>agit</span> 
     </span>
     <span class='ocr_line' id='line_1_27' title="bbox 406 2273 1856 2347; baseline 0.001 -18"><span class='ocrx_word' id='word_1_187' title='bbox 406 2282 465 2329; x_wconf 80' lang='lat' dir='ltr'>de</span> <span class='ocrx_word' id='word_1_188' title='bbox 493 2276 790 2344; x_wconf 79' lang='lat' dir='ltr'>accusatione</span> <span class='ocrx_word' id='word_1_189' title='bbox 828 2276 987 2326; x_wconf 77' lang='lat' dir='ltr'>Marii</span> <span class='ocrx_word' id='word_1_190' title='bbox 1025 2273 1183 2343; x_wconf 82' lang='lat' dir='ltr'>Prisci</span> <span class='ocrx_word' id='word_1_191' title='bbox 1207 2310 1223 2335; x_wconf 81' lang='lat'><strong>,</strong></span> <span class='ocrx_word' id='word_1_192' title='bbox 1266 2278 1322 2327; x_wconf 79' lang='lat' dir='ltr'>de</span> <span class='ocrx_word' id='word_1_193' title='bbox 1359 2295 1449 2343; x_wconf 81' lang='lat' dir='ltr'>qua</span> <span class='ocrx_word' id='word_1_194' title='bbox 1488 2278 1597 2327; x_wconf 74' lang='lat' dir='ltr'>vide</span> <span class='ocrx_word' id='word_1_195' title='bbox 1627 2276 1783 2347; x_wconf 70' lang='lat' dir='ltr'>fiepra</span> <span class='ocrx_word' id='word_1_196' title='bbox 1849 2334 1856 2339; x_wconf 29' lang='lat'><strong><em>⁴</em></strong></span> 
     </span>
     <span class='ocr_line' id='line_1_28' title="bbox 409 2352 777 2420; baseline -0.005 -17"><span class='ocrx_word' id='word_1_197' title='bbox 409 2372 487 2420; x_wconf 82' lang='lat' dir='ltr'>ep.</span> <span class='ocrx_word' id='word_1_198' title='bbox 534 2368 590 2401; x_wconf 70' lang='grc' dir='ltr'>ιι</span> <span class='ocrx_word' id='word_1_199' title='bbox 627 2352 672 2401; x_wconf 76' lang='grc' dir='ltr'>ὃ·</span> <span class='ocrx_word' id='word_1_200' title='bbox 699 2365 777 2401; x_wconf 81' lang='lat'>12.</span> 
     </span>
    </p>
   </div>
   <div class='ocr_carea' id='block_1_5' title="bbox 336 2454 1792 2929">
    <p class='ocr_par' dir='ltr' id='par_1_6' title="bbox 336 2454 1792 2929">
     <span class='ocr_line' id='line_1_29' title="bbox 337 2454 1785 2562; baseline 0.001 -15"><span class='ocrx_word' id='word_1_201' title='bbox 337 2454 438 2547; x_wconf 82' lang='lat' dir='ltr'>H</span> <span class='ocrx_word' id='word_1_202' title='bbox 465 2506 561 2545; x_wconf 73' lang='lat' dir='ltr'>on</span> <span class='ocrx_word' id='word_1_203' title='bbox 578 2507 672 2544; x_wconf 74' lang='lat' dir='ltr'>TA</span> <span class='ocrx_word' id='word_1_204' title='bbox 691 2506 729 2543; x_wconf 83' lang='lat' dir='ltr'>R</span> <span class='ocrx_word' id='word_1_205' title='bbox 745 2506 769 2544; x_wconf 91' lang='lat'>1</span> <span class='ocrx_word' id='word_1_206' title='bbox 793 2508 819 2545; x_wconf 91' lang='lat' dir='ltr'><em>s</em></span> <span class='ocrx_word' id='word_1_207' title='bbox 855 2506 916 2545; x_wconf 87' lang='lat' dir='ltr'>ut</span> <span class='ocrx_word' id='word_1_208' title='bbox 968 2492 1268 2548; x_wconf 81' lang='lat' dir='ltr'>orationem</span> <span class='ocrx_word' id='word_1_209' title='bbox 1318 2492 1502 2547; x_wconf 83' lang='lat' dir='ltr'>amici-s</span> <span class='ocrx_word' id='word_1_210' title='bbox 1539 2494 1785 2562; x_wconf 82' lang='lat' dir='ltr'>pluribus</span> 
     </span>
     <span class='ocr_line' id='line_1_30' title="bbox 336 2566 1781 2637; baseline 0.001 -19"><span class='ocrx_word' id='word_1_211' title='bbox 336 2567 574 2619; x_wconf 84' lang='lat' dir='ltr'>recitem.</span> <span class='ocrx_word' id='word_1_212' title='bbox 597 2566 805 2618; x_wconf 80' lang='lat' dir='ltr'>Faciam</span> <span class='ocrx_word' id='word_1_213' title='bbox 826 2604 841 2629; x_wconf 90' lang='lat'>‚</span> <span class='ocrx_word' id='word_1_214' title='bbox 873 2566 997 2635; x_wconf 88' lang='lat' dir='ltr'>quia</span> <span class='ocrx_word' id='word_1_215' title='bbox 1026 2568 1292 2628; x_wconf 85' lang='lat' dir='ltr'>hortaris;</span> <span class='ocrx_word' id='word_1_216' title='bbox 1330 2566 1574 2637; x_wconf 84' lang='lat' dir='ltr'>quamvis</span> <span class='ocrx_word' id='word_1_217' title='bbox 1611 2569 1781 2620; x_wconf 85' lang='lat' dir='ltr'>vehe-</span> 
     </span>
     <span class='ocr_line' id='line_1_31' title="bbox 338 2640 1787 2709; baseline 0.003 -19"><span class='ocrx_word' id='word_1_218' title='bbox 338 2656 546 2693; x_wconf 88' lang='lat' dir='ltr'>menter</span> <span class='ocrx_word' id='word_1_219' title='bbox 593 2641 909 2693; x_wconf 85' lang='lat' dir='ltr'>addubitem.</span> <span class='ocrx_word' id='word_1_220' title='bbox 966 2642 1154 2709; x_wconf 81' lang='lat' dir='ltr'>Neque</span> <span class='ocrx_word' id='word_1_221' title='bbox 1207 2640 1351 2694; x_wconf 88' lang='lat' dir='ltr'>enim</span> <span class='ocrx_word' id='word_1_222' title='bbox 1399 2658 1487 2692; x_wconf 88' lang='lat' dir='ltr'>me</span> <span class='ocrx_word' id='word_1_223' title='bbox 1542 2641 1787 2707; x_wconf 65' lang='lat' dir='ltr'>praeterit</span> 
     </span>
     <span class='ocr_line' id='line_1_32' title="bbox 338 2712 1790 2783; baseline 0 -17"><span class='ocrx_word' id='word_1_224' title='bbox 338 2712 574 2766; x_wconf 66' lang='lat' dir='ltr'>actiones</span> <span class='ocrx_word' id='word_1_225' title='bbox 606 2732 720 2783; x_wconf 83' lang='lat' dir='ltr'>quae</span> <span class='ocrx_word' id='word_1_226' title='bbox 754 2713 1040 2765; x_wconf 85' lang='lat' dir='ltr'>recitantur</span> <span class='ocrx_word' id='word_1_227' title='bbox 1060 2754 1075 2777; x_wconf 90' lang='lat'>‚</span> <span class='ocrx_word' id='word_1_228' title='bbox 1100 2713 1359 2782; x_wconf 84' lang='lat' dir='ltr'>impetum</span> <span class='ocrx_word' id='word_1_229' title='bbox 1383 2730 1603 2766; x_wconf 87' lang='lat' dir='ltr'>omnem</span> <span class='ocrx_word' id='word_1_230' title='bbox 1633 2716 1790 2766; x_wconf 57' lang='lat' dir='ltr'>calo*</span> 
     </span>
     <span class='ocr_line' id='line_1_33' title="bbox 337 2786 1792 2856; baseline 0.001 -18"><span class='ocrx_word' id='word_1_231' title='bbox 337 2804 556 2855; x_wconf 79' lang='lat' dir='ltr'>remque</span> <span class='ocrx_word' id='word_1_232' title='bbox 586 2804 644 2839; x_wconf 82' lang='lat' dir='ltr'>ac</span> <span class='ocrx_word' id='word_1_233' title='bbox 681 2786 852 2856; x_wconf 80' lang='lat' dir='ltr'>prope</span> <span class='ocrx_word' id='word_1_234' title='bbox 883 2803 1085 2839; x_wconf 87' lang='lat' dir='ltr'>nomen</span> <span class='ocrx_word' id='word_1_235' title='bbox 1107 2787 1257 2839; x_wconf 87' lang='lat' dir='ltr'>suum</span> <span class='ocrx_word' id='word_1_236' title='bbox 1288 2789 1505 2855; x_wconf 87' lang='lat' dir='ltr'>perdere</span> <span class='ocrx_word' id='word_1_237' title='bbox 1525 2826 1540 2849; x_wconf 90' lang='lat'>‚</span> <span class='ocrx_word' id='word_1_238' title='bbox 1563 2804 1623 2839; x_wconf 87' lang='lat' dir='ltr'>ut</span> <span class='ocrx_word' id='word_1_239' title='bbox 1648 2804 1792 2855; x_wconf 55' lang='lat' dir='ltr'>quas&gt;</span> 
     </span>
     <span class='ocr_line' id='line_1_34' title="bbox 338 2858 1791 2929; baseline 0.003 -18"><span class='ocrx_word' id='word_1_240' title='bbox 338 2860 549 2929; x_wconf 77' lang='lat' dir='ltr'>soleant</span> <span class='ocrx_word' id='word_1_241' title='bbox 571 2862 940 2915; x_wconf 81' lang='lat' dir='ltr'>commendare</span> <span class='ocrx_word' id='word_1_242' title='bbox 972 2859 1139 2916; x_wconf 74' lang='lat' dir='ltr'>simul</span> <span class='ocrx_word' id='word_1_243' title='bbox 1160 2861 1213 2913; x_wconf 74' lang='grc' dir='ltr'>ὅ(</span> <span class='ocrx_word' id='word_1_244' title='bbox 1235 2862 1515 2915; x_wconf 85' lang='lat' dir='ltr'>accendere</span> <span class='ocrx_word' id='word_1_245' title='bbox 1544 2858 1791 2927; x_wconf 74' lang='lat' dir='ltr'>iudicum.</span> 
     </span>
    </p>
   </div>
  </div>
 </body>
</html>
