1951 3720
400 322 543 414 ‘428
693 318 1611 395 mamerano-sm

391 445 563 502 dione
598 447 820 514 quadam
853 446 1107 498 liberatus
1149 445 1429 516 agrestium
1462 445 1636 498 labor.
1677 445 1826 497 Usut·

393 520 593 585 pabant
616 519 844 587 gloriam
885 518 1033 572 istam
1070 519 1150 571 illi
1187 536 1403 588 quoque
1443 518 1722 601 Principes
1749 519 1828 587 qui

400 591 551 645 obire
589 608 700 643 ιιοιι
734 608 1026 660 poterant·
1016 627 1031 652 ,
1060 592 1374 660 usurpabant
1406 606 1590 644 autem
1633 592 1746 656 ita,
1779 606 1828 642 ut

397 664 630 717 domitas
659 665 945 733 fra&asque
987 665 1200 718 clathris
1242 665 1421 727 feras,
1454 682 1533 716 rac
1564 665 1752 716 deinde
1779 663 1829 715 iu

389 735 639 820 ,ipsorum
664 738 876 806 quidem
898 738 1186 792 ludibrium
1208 737 1413 791 emiffas
1438 737 1673 790 mentita
1703 737 1830 806 saga«

399 810 561 862 citate
604 811 952 885 colligerent.
978 812 1120 865 Huic
1154 828 1251 881 par
1279 812 1526 880 capiendi
1549 810 1830 879 quaereudi-

387 899 504 950 ‚que
543 884 700 935 sudor
721 923 736 946 ‚
772 868 1108 953 summusque
1144 887 1205 937 ὃ(
1228 884 1370 939 idem
1404 901 1746 953 gratissimus
1764 886 1830 935 la

391 956 534 1020 bor,
573 957 835 1010 invenire.
867 959 1160 1013 Enimvero
1180 958 1228 1010 si
1251 961 1460 1026 quando
1478 957 1690 1026 placuit
1711 957 1829 1009 idem

391 1029 652 1112 corporis
683 1031 887 1082 robur
873 1049 933 1082 ιιι
963 1031 1127 1083 maria
1161 1032 1441 1099 proferre,
1473 1047 1592 1083 non
1612 1030 1830 1083 ineflui-

397 1102 564 1154 tantia
595 1105 716 1155 vela
748 1120 838 1155 aut
858 1104 1032 1156 oculis
1052 1103 1288 1173 sequitur
1318 1119 1408 1157 aut
1430 1104 1727 1164 manibus3
1758 1104 1832 1156 sed

393 1191 538 1227 nunc
562 1170 926 1244 gubernaculis
949 1177 1181 1237 assidet,
1220 1194 1362 1230 nunc
1390 1194 1512 1229 cum
1545 1176 1834 1230 valentissi-

400 1263 493 1298 mo
545 1265 773 1321 quoque
807 1250 1067 1305 sodalium
1109 1265 1274 1303 certat
1321 1252 1564 1320 frangere
1608 1250 1792 1303 flufiius
1816 1289 1832 1314 ,

396 1321 658 1373 domitare
676 1339 872 1375 ventos
891 1316 1248 1388 reluctantes,
1274 1325 1543 1393 remisque
1563 1325 1832 1378 transferre

397 1393 653 1446 obstantia
674 1396 823 1448 freta.

468 1467 746 1521 LXXXII.
793 1471 1068 1535 Quantum
1101 1469 1378 1527 dissimilis
1414 1469 1498 1522 illi
1532 1509 1549 1534 ,
1602 1470 1705 1538 qui
1740 1486 1832 1522 ιιοιι

392 1540 584 1596 Albani
601 1543 743 1594 lacus
763 1543 973 1609 otium,
999 1543 1283 1613 Baianique
1302 1558 1583 1612 torporem
1609 1545 1670 1596 &
1690 1543 1831 1595 silen-

395 1614 533 1668 tium
556 1616 729 1679 ferre,
773 1634 887 1669 non
910 1619 1117 1686 pulsum
1140 1618 1323 1671 saltem
1354 1618 1736 1686 fragoremque
1762 1633 1831 1667 re-

396 1705 612 1742 morum
649 1692 855 1758 perpeti
886 1706 1137 1759 poterat,
1170 1690 1300 1759 quin
1336 1693 1401 1742 ad
1430 1691 1689 1760 singulos
1719 1689 1831 1742 ictus

398 1763 541 1829 turpi
576 1763 861 1815 formidine
895 1764 1222 1816 horresceret
1262 1768 1275 1817 Ξ
1325 1765 1510 1832 Itaque
1549 1766 1746 1832 procul
1782 1763 1831 1815 ab

397 1836 549 1887 omni
571 1837 745 1898 sono,
776 1836 1109 1890 inconcussus
1145 1828 1257 1905 ipse
1296 1837 1351 1889 δι
1379 1836 1696 1902 immotus,
1725 1836 1830 1888 reli-

397 1923 521 1977 gato
562 1910 911 1979 revin&oque
947 1910 1206 1979 navigio,
1245 1927 1357 1962 non
1393 1911 1544 1963 secus
1574 1928 1642 1963 ac
1674 1911 1832 1979 piacu-

395 1983 508 2033 lum
531 1983 750 2050 aliquod
771 1984 1085 2037 trahebatur.
1121 1984 1281 2035 Foeda
1308 1983 1509 2047 facies,
1542 2002 1718 2051 quum
1744 2000 1830 2051 po·

373 2055 511 2122 puli
542 2056 774 2124 Romani
819 2056 1113 2123 imperator
1148 2056 1385 2124 alienum
1420 2058 1683 2120 cursum,
1718 2056 1830 2108 alie·

395 2144 630 2195 numque
666 2129 925 2181 reelorem
959 2131 1113 2184 velut
1149 2129 1300 2200 capta
1336 2146 1475 2184 nave
1506 2132 1829 2206 sequeretur»,

395 2202 508 2253 Nec
549 2202 882 2253 deformitate
942 2198 1036 2252 ista
1092 2197 1301 2254 saltem
1325 2201 1548 2262 flumina
1602 2187 1830 2256 carebant

396 2288 554 2341 atque
580 2291 779 2328 amnes.
821 2275 1101 2334 Danubius
1134 2292 1195 2327 ac
1225 2276 1442 2328 Rhenus
1477 2292 1697 2329 tantum
1720 2276 1831 2328 illud

395 2346 562 2399 nostri
585 2348 856 2400 dedecoris
892 2349 1089 2400 vehere
1119 2348 1446 2415 gaudebant,
1482 2366 1603 2401 non
1637 2350 1831 2402 minore

398 2436 518 2473 cum
539 2421 779 2488 pudore
766 2420 1010 2488 imperii,
1034 2419 1178 2489 quod
1195 2422 1309 2472 haec
1330 2422 1591 2475 Romanae
1616 2423 1800 2493 aquilae
1818 2460 1830 2484 ,

395 2493 637 2554 Romana
666 2492 850 2562 signa,
898 2495 1140 2546 Romana
1175 2494 1404 2563 denique
1455 2495 1574 2564 ripa
1616 2536 1633 2561 ,
1688 2512 1830 2565 quam

396 2565 540 2635 quod
585 2564 814 2619 hostium
855 2567 1211 2634 prospestaret
1247 2586 1263 2627 3
1316 2568 1548 2620 hostium
1582 2609 1600 2632 ,
1653 2569 1828 2637 quibus

394 2640 566 2710 moris
597 2638 672 2691 est
705 2642 888 2693 eadem
925 2639 1016 2691 illa
1051 2658 1190 2693 nunc
1231 2641 1456 2710 rigentia
1505 2644 1632 2711 gelu
1668 2639 1828 2693 flumi-

395 2732 463 2772 na
487 2754 503 2778 ‚
545 2729 633 2765 aut
664 2714 864 2782 campis
896 2714 1161 2781 superfusa
1180 2753 1195 2776 ‚
1226 2731 1368 2766 nunc
1397 2713 1599 2782 liquida
1618 2732 1681 2766 ac
1697 2714 1827 2766 defe-

395 2788 565 2840 rentia
587 2786 800 2840 lustrare
819 2786 1051 2855 navigiis
1077 2826 1092 2851 ,
1135 2789 1416 2855 nandoque
1437 2787 1703 2856 superare.
1728 2788 1825 2838 Nec

393 2859 529 2912 vero
562 2862 647 2912 lau
658 2861 886 2912 iaverim
910 2876 1007 2927 per,
1023 2861 1076 2911 se
1096 2877 1418 2929 magnopere
1442 2861 1693 2916 duritiam
1716 2877 1823 2911 cor·

391 2933 543 3003 poris
564 2950 623 2990 ac
652 2936 969 3004 lacertorum
991 2952 1006 2988 ι
1041 2933 1202 2998 sed-,si
1219 2934 1552 3005 hislvalidior
1572 2948 1695 2988 toto
1715 2949 1825 2986 cor-
