1951 3720
418 328 553 403 288
747 329 1023 398 CA11
1095 326 1516 398 Ριιινιι

448 451 723 505 XXXII.
778 451 1111 505 Ptnuus
1148 452 1508 503 ΤιτιΑισο
1564 459 1717 502 suo
1761 450 1814 502 S.

455 571 624 624 Vitam
646 571 717 621 αἰε
747 583 888 641 agere
924 566 978 641 se
998 570 1382 638 jucundissimam
1406 569 1449 619 6·
1472 569 1825 622 otiosissimam.

416 667 520 798 Q
543 729 691 768 1111)
738 714 896 786 agis?
951 714 1082 783 quid
1128 713 1402 767 adim-use
1372 732 1429 767 es
1461 717 1483 768 ἓ
1530 715 1652 783 Ipse
1698 715 1852 768 vitam

415 788 889 853 jucundissimam,
916 788 972 840 id
994 787 1103 852 est,
1128 787 1516 840 otiosissimam
1546 789 1734 840 vivo:
1762 788 1852 856 quo

417 860 479 913 fit
509 877 569 913 ut
607 863 829 914 scribere
867 861 1145 930 longiores
1175 859 1421 928 epistolas
1459 860 1666 924 nolim,
1701 862 1854 912 velim

416 937 634 1003 legere3
675 937 841 999 illud,
890 950 1161 1003 tamquam
1201 933 1492 996 delicatus,
1534 934 1643 984 hoc
1671 972 1688 996 ,
1734 949 1855 985 tam-

417 1024 577 1075 quam
613 1008 838 1060 otiosus.
886 1008 1038 1060 Nihil
1074 1006 1147 1059 est
1188 1007 1335 1058 enim
1366 1021 1454 1058 aut
1492 1006 1707 1076 pigrius
1739 1005 1854 1059 deli-

420 1081 552 1132 catis
575 1120 590 1145 ,
627 1096 717 1133 aut
753 1080 1018 1133 curiosius
1056 1079 1271 1133 otiosis.
1308 1081 1463 1132 Vale.

453 1199 767 1254 XXXIII.
809 1200 1141 1252 Patruus
1184 1201 1537 1251 CAnurto
1583 1213 1740 1253 suo
1779 1203 1827 1256 S.

489 1322 722 1373 Miranda
748 1323 793 1372 6·
830 1322 1012 1389 quidem
1026 1320 1261 1388 stupenda
1287 1335 1454 1370 narrat
1478 1321 1536 1370 de
1568 1321 1796 1390 delphino

963 1415 1287 1485 HipponensI·
1814 1408 1817 1411 ¹

422 1505 470 1598 I
492 1555 529 1591 n
547 1554 671 1593 exn
692 1554 717 1592 1
748 1538 806 1593 in
836 1539 1113 1593 materiam
1146 1554 1331 1592 veram
1352 1577 1368 1602 ,
1407 1539 1496 1592 sed
1528 1538 1852 1595 simillimam

420 1614 558 1667 fiaae
595 1653 611 1678 ,
662 1614 980 1685 dignamque
1026 1612 1125 1664 isto
1166 1612 1444 1665 laetissimo
1480 1652 1494 1677 ,
1552 1614 1850 1677 altissimo,

419 1686 682 1757 planeque
719 1687 936 1756 poetico
973 1686 1212 1756 ingenio.
1272 1686 1441 1738 Incidi
1480 1701 1661 1741 autem
1690 1727 1706 1751 ,
1745 1690 1853 1740 dum

421 1764 577 1830 super
612 1778 822 1814 coenam
857 1759 1006 1813 varia
1045 1759 1296 1813 miracula
1324 1759 1598 1812 hincinde
1622 1761 1852 1814 referun-

420 1848 523 1889 tur.
563 1836 759 1905 Magna
796 1834 1027 1888 aquris
1065 1832 1196 1888 fides
1229 1832 1486 1903 (tametsi
1519 1834 1653 1904 quid
1690 1835 1851 1903 poete

423 1926 545 1961 cum
580 1907 685 1962 fide
711 1910 774 1976 ἓ)
811 1910 859 1961 is
893 1924 1072 1961 tamen
1096 1907 1279 1960 audior
1300 1946 1315 1971 ,
1348 1908 1435 1961 cui
1455 1908 1591 1961 bene
1626 1911 1723 1961 vel
1756 1909 1852 1961 his-

421 1983 617 2033 toriam
654 1982 938 2049 scripturus
979 1979 1298 2034 credidisses.
1330 1980 1413 2032 Est
1437 1980 1495 2031 in
1513 1980 1698 2033 Africa
1725 1982 1850 2065 Hip·

421 2054 679 2121 ponensis
715 2055 969 2118 colonia,
1005 2054 1138 2106 mari
1160 2054 1442 2122 proxima:
1467 2053 1675 2117 adjacet
1705 2054 1847 2106 navi-

422 2128 590 2194 gabile
626 2127 904 2200 stagnum·‚
934 2145 1004 2179 ex
1032 2130 1175 2190 hoc,
1218 2127 1275 2177 in
1313 2129 1535 2179 modum
1575 2126 1845 2190 fluminis,

420 2199 714 2252 aestuarium
755 2201 1018 2269 emergit,
1059 2201 1204 2268 quod
1249 2201 1372 2252 vice
1410 2201 1658 2261 alterna,
1698 2213 1845 2267 prout

419 2272 571 2325 aestus
609 2289 699 2325 aut
730 2273 1020 2342 repressit,
1045 2290 1134 2324 aut
1184 2272 1427 2340 impulit,
1452 2290 1592 2324 nunc
1636 2272 1845 2324 infertur

418 2346 553 2397 mari
587 2384 602 2409 ,
657 2363 797 2398 nunc
836 2346 1070 2400 redditur
1104 2345 1303 2415 stagno.
1371 2345 1571 2398 Omnis
1606 2346 1695 2397 hic
1730 2361 1844 2397 aetas

417 2418 693 2485 piscandi,
733 2420 1053 2489 navigandi,
1078 2433 1235 2488 atque
1253 2418 1415 2472 etiam
1435 2419 1651 2472 natandi
1685 2417 1843 2470 studio

416 2506 663 2551 tenetur·,
705 2493 939 2545 maxime
978 2492 1178 2561 pueri,
1217 2509 1353 2561 quos
1389 2492 1564 2544 otium
1595 2492 1844 2560 ludusque

417 2564 684 2618 sollicitat.
728 2567 828 2618 His
852 2566 1023 2636 gloria
1042 2566 1094 2617 δε
1115 2565 1287 2618 virtus
1306 2563 1568 2617 altissime
1588 2563 1840 2633 provehi:

413 2636 592 2691 victor
626 2639 719 2692 ille
752 2640 848 2707 qui
868 2631 1225 2709 longissime,
1245 2653 1305 2690 ut
1339 2638 1490 2691 littus
1523 2677 1539 2702 ,
1578 2637 1651 2690 ita
1688 2636 1840 2689 simul

415 2727 600 2764 nantes
649 2712 882 2797 reliquit:
949 2715 1072 2764 Hoc
1132 2711 1419 2765 certamine
1465 2728 1597 2780 puer
1636 2708 1841 2779 quidam

412 2785 692 2837 audentior
721 2785 910 2838 ceteris
941 2787 999 2838 in
1037 2786 1293 2838 ulteriora
1324 2786 1601 2838 tendebat.
1642 2782 1840 2850 delphi·

413 2874 518 2911 nus
545 2860 809 2935 occurrit,
849 2860 902 2911 δε
938 2875 1079 2911 nunc
1101 2859 1394 2927 praecedere
1429 2874 1676 2926 puerum,
1699 2869 1842 2907 nune

411 2931 604 3003 sequi,
642 2924 781 2986 nunc
822 2931 1100 2986 circumire
1132 2970 1147 2997 ,
1195 2931 1465 3001 postremo
1503 2930 1699 2991 subire,
1750 2929 1842 2979 de-

1604 3017 1835 3071 ponere,
