1951 3720
313 328 909 399 EPISTOLAE.
939 329 1293 402 Lib.VII.
1404 350 1542 426 213

110 466 215 505 mus
246 488 263 514 ‚
300 450 660 504 horrescimus
689 492 704 515 ‚
742 450 1199 521 circumspicimus
1232 492 1248 517 ,
1287 456 1557 509 emendat.

115 524 328 577 Proinde
375 542 490 576 non
538 526 770 594 poenitet
811 543 897 578 me
939 526 1343 580 consuetudinis
1382 544 1510 580 meae
1539 565 1560 592 ,

115 615 257 666 quam
292 598 638 651 utilissimam
660 600 948 667 experior·‚
973 603 1213 669 adeoque
1244 618 1357 652 non
1380 602 1560 653 deter-

115 689 221 723 reor
255 672 623 724 sermunculis
662 673 882 726 istorum
916 713 931 737 ‚
982 690 1041 726 ut
1076 678 1220 725 ultro
1265 689 1317 726 te
1366 690 1557 743 rogem

116 744 358 809 monstres
405 746 605 815 aliquid
626 785 641 809 ‚
668 750 810 815 quod
841 747 925 799 his
967 749 1172 801 addam.
1221 749 1370 799 Nihil
1410 749 1560 799 enim

118 833 236 870 curae
274 836 409 871 meae
443 820 568 872 satis
610 820 699 874 est.
761 822 960 890 Cogito
1000 821 1157 889 quam
1196 821 1266 873 sit
1303 837 1558 890 magnum

119 892 223 943 dare
248 892 453 960 aliquid
478 894 534 944 in
558 911 748 946 manus
765 896 1049 946 hominum
1071 913 1087 953 ·‚
1124 911 1222 946 nec
1245 895 1564 962 persuadere

120 964 236 1016 mihi
259 964 475 1033 pofl‘um
501 1006 516 1029 ‚
556 985 668 1020 non
708 970 760 1021 &
783 985 907 1020 curn
940 968 1123 1019 multis
1158 969 1210 1019 &
1241 969 1377 1036 sape
1416 983 1564 1021 trac·-

120 1040 318 1090 tandum
350 1078 369 1101 ‚
412 1044 558 1107 quod
604 1045 812 1111 placere
866 1043 919 1095 &
955 1042 1166 1110 semper
1215 1043 1268 1095 &
1307 1042 1561 1096 omnibus

120 1112 305 1180 cupias.
350 1114 511 1167 Vale.

172 1235 429 1289 XVIII.
473 1236 803 1289 PL1u1us
846 1238 1206 1289 CAN1N1o
1249 1250 1396 1289 suo
1438 1238 1496 1292 S.

126 1332 185 1384 Ut
214 1332 359 1401 salva
393 1334 460 1384 sit
507 1335 745 1402 pecunia,
786 1351 922 1400 quam
978 1333 1274 1383 Comensibus
1318 1335 1464 1405 dabat
1514 1334 1568 1386 in

185 1409 373 1476 epulum
410 1442 426 1466 ,
474 1405 645 1475 suadet
685 1409 891 1458 eamdem
943 1407 1064 1458 inite
1120 1409 1353 1460 tationem
1379 1442 1395 1469 ,
1432 1428 1568 1478 quam

187 1479 283 1550 ipse
314 1479 509 1549 secutus
548 1482 628 1545 est.

124 1588 214 1684 D
237 1642 539 1682 nuntius
577 1644 786 1681 mecum
818 1628 1266 1696 quemadmodum
1297 1631 1523 1696 pecunia
1549 1637 1572 1697 ,“

125 1718 273 1771 quam
312 1702 673 1771 municipibus
712 1703 902 1754 nostris
940 1702 997 1752 in
1032 1705 1248 1770 epulum
1295 1704 1567 1770 obtulisti,

125 1776 233 1844 post
272 1793 329 1830 te
369 1794 584 1845 quoque
618 1777 760 1828 salva
797 1776 887 1829 sit.
926 1774 1160 1827 Honesta
1201 1777 1522 1829 consultatio
1551 1816 1568 1844 ,

126 1866 230 1902 non
278 1850 533 1921 expedita
579 1849 857 1904 sententia.
923 1850 1186 1902 Numeres
1236 1849 1371 1918 reip.
1425 1852 1571 1904 sum·

127 1927 307 1978 mam?
351 1926 646 1979 verendum
683 1924 754 1976 est
790 1941 857 1977 ne
894 1924 1170 1977 dilabatur.
1217 1925 1328 1976 Des
1365 1942 1521 1995 agros
1545 1929 1572 1981 ἒ

127 2014 179 2048 ut
213 1998 459 2066 publici,
485 1999 838 2068 negligentur.
877 1997 1133 2065 Equidem
1163 1996 1298 2049 nihil
1330 2015 1573 2052 commo·

127 2070 239 2123 dius
276 2072 545 2128 invenio.
585 2088 742 2139 quam
773 2072 919 2140 quod
957 2070 1068 2138 ipse
1115 2072 1237 2123 feci.
1300 2073 1435 2123 Nam
1467 2090 1570 2141 pro

128 2145 433 2228 quingentis
474 2146 708 2197 millibus
748 2161 1056 2208 nummum,
1089 2162 1203 2213 qu
1239 2146 1296 2196 in
1319 2145 1572 2200 alimenta

127 2215 484 2287 ingenuorum
504 2219 956 2288 ingenuarumque
988 2218 1332 2286 promiseram
1351 2259 1364 2281 ‚
1385 2237 1572 2289 agrum

129 2307 193 2342 ex
226 2291 369 2344 meis
392 2290 555 2362 longe
586 2292 754 2360 pluris
782 2292 948 2344 aclori
985 2291 1199 2360 publico
1223 2293 1525 2361 mancipavi
1552 2313 1573 2355 ·‚

128 2369 372 2427 eumdem
402 2365 654 2436 veCiigali
689 2366 951 2433 imposito
975 2366 1183 2432 recepi,
1220 2366 1421 2418 tricena
1446 2370 1573 2420 mil-

129 2437 195 2489 lia
230 2456 409 2492 annua
446 2440 676 2493 daturus,
724 2439 822 2491 Per
855 2441 961 2491 hoc
997 2439 1140 2489 enim
1182 2440 1232 2490 &
1269 2440 1573 2508 reipublicae

129 2511 235 2565 sors
273 2514 335 2566 in
367 2527 522 2578 tuto,
547 2530 643 2565 nec
681 2513 879 2565 reditus
915 2512 1148 2564 incertus
1170 2550 1185 2574 ‚
1227 2513 1278 2564 ὅ(
1302 2530 1424 2582 ager
1459 2515 1575 2584 ipse

129 2601 348 2655 propter
369 2587 423 2638 id
438 2626 453 2649 ‚
477 2589 623 2654 quod
642 2586 874 2656 vestigal
892 2584 1037 2654 large
1064 2585 1382 2654 supercurrit
1397 2626 1413 2650 ,
1434 2588 1574 2639 sem·

130 2675 217 2726 per
249 2662 535 2713 dominum
556 2699 572 2724 ‚
599 2678 628 2713 a
652 2678 760 2728 quo
783 2675 1091 2713 exerceatur
1111 2698 1126 2722 ‚
1166 2659 1424 2711 inveniet.
1461 2663 1577 2714 Nec

129 2731 324 2801 ignoro
338 2773 353 2796 ‚
375 2751 463 2785 me
483 2737 602 2801 plus
622 2732 893 2803 aliquanto
908 2773 923 2797 ‚
945 2732 1103 2801 quam
1123 2732 1332 2785 donaffe
1352 2733 1543 2785 videor
1555 2773 1581 2798 ,-

131 2806 427 2876 erogavisse
448 2825 657 2875 ,ssquum
693 2806 1034 2876 pulcherrimi
1073 2806 1185 2876 agri
1221 2823 1452 2874 pretium
1477 2823 1574 2859 ne-

133 2882 351 2933 cessitas
382 2880 666 2950 vectigalis
704 2881 995 2950 infregerit.
1034 2882 1135 2933 Sed
1155 2895 1370 2948 oportet
1390 2879 1580 2948 priva-

135 2951 204 3005 tis
221 2953 544 3008 utilitatibus
563 2956 801 3025 publicas
816 2994 831 3021 ,
858 2955 1170 3009 mortalibus
1189 2968 1409 3008 aeternas
1433 2968 1581 3009 ante·.
