1951 3720
320 244 415 335 84
633 244 901 313 CA11
977 245 1397 315 ΡιῙΝιι

314 383 482 436 quum
521 365 685 420 ess‘ent
720 365 1035 436 philosophi
1072 368 1135 420 ab
1179 368 1309 419 urbe
1345 365 1640 433 summoti,
1683 364 1768 421 fui

314 443 454 510 apud
487 440 641 493 illum
676 439 734 492 in
767 441 1094 504 suburbano,
1118 441 1171 492 ὅ(
1193 439 1303 510 quo
1335 440 1626 495 notabilius
1658 443 1775 495 hoc

313 514 775 584 periculosiusque
827 513 955 567 effet
988 554 1004 579 ‚
1066 513 1143 567 fui
1195 519 1412 582 praetor.
1478 514 1769 567 Pecuniam

315 589 482 640 etiam
503 628 519 652 ,
546 587 649 658 qua
689 604 815 640 tunc
845 588 927 641 illi
961 589 1223 656 ampliore
1255 604 1390 656 opus
1413 602 1527 640 erat
1548 628 1564 651 ,
1604 603 1665 640 ut
1692 605 1770 640 aes

318 661 555 714 alienum
597 661 899 715 exsolveret
920 702 936 726 ,
984 661 1312 714 contraitum
1353 677 1424 713 ex
1470 661 1772 729 pulcherri-

321 734 427 787 mis
460 735 631 787 causis
665 775 681 799 ,
721 733 1064 788 mussantibus
1097 734 1306 805 magnis
1353 733 1660 802 quibusdam
1713 736 1780 787 δι’

318 808 680 876 locupletibus
710 809 898 861 amicis
922 848 936 871 ‚
979 823 1247 861 mutuatus
1293 807 1403 875 ipse
1426 847 1443 871 ,
1482 808 1770 877 gratuitam

321 882 459 935 dedi.
500 883 673 951 Atque
697 883 807 934 haec
833 882 963 946 feci,
999 900 1164 953 quum
1184 882 1384 949 septem
1413 880 1603 934 amicis
1626 881 1773 934 meis

323 969 415 1007 aut
452 955 651 1008 occisis
689 970 778 1007 aut
822 956 1117 1025 relegatis(
1153 954 1380 1017 occisis,
1424 953 1727 1008 Senecione
1752 994 1776 1019 ,

322 1027 579 1092 Rustico,
625 1029 924 1089 Helvidio;
961 1029 1242 1099 relegatis,
1287 1028 1534 1081 Maurico
1556 1068 1572 1093 ‚
1627 1027 1777 1081 Gra·

325 1101 478 1165 tilla,
517 1102 704 1165 Arria,
736 1103 978 1169 Fannia)
1009 1118 1093 1156 tot
1123 1103 1260 1155 circa
1290 1119 1376 1154 me
1410 1101 1553 1167 jaais
1583 1101 1777 1155 fulmi-

327 1176 482 1227 nibus
524 1177 674 1260 quasi
706 1177 1002 1240 ambustus,
1029 1177 1163 1228 mihi
1201 1192 1415 1245 quoque
1458 1176 1780 1244 impendere

325 1247 472 1300 idem
502 1241 731 1302 exitium
756 1251 915 1303 certis
953 1250 1260 1319 quibusdam
1293 1248 1436 1302 notis
1468 1266 1778 1319 augurarer.

328 1323 459 1374 Non
483 1322 604 1375 ideo
643 1339 819 1376 tamen
843 1324 1099 1376 eximiam
1130 1323 1354 1392 gloriam
1386 1323 1628 1375 meruisse
1653 1341 1778 1389 me,

330 1411 392 1447 ut
437 1396 527 1448 ille
572 1398 858 1464 praedicat,
893 1400 1055 1462 credo
1089 1417 1102 1450 ε
1146 1397 1233 1449 sed
1278 1396 1482 1448 tantum
1532 1396 1780 1462 effugifi‘e

332 1468 615 1538 flagitium.
659 1471 796 1523 Nam
829 1472 881 1523 ὅ(
903 1475 964 1526 C.
992 1471 1302 1525 Musonium
1322 1510 1338 1535 ‚
1362 1472 1604 1522 socerum
1627 1470 1744 1536 ejus
1761 1509 1779 1535 ‚

333 1559 592 1611 quantum
623 1543 832 1598 licitum
860 1545 933 1597 est
971 1563 1067 1613 per
1101 1560 1308 1598 aetatem
1333 1584 1349 1607 ,
1380 1562 1500 1595 cum
1546 1545 1783 1597 admira-

334 1615 487 1668 tione
523 1618 726 1677 dilexi3
767 1620 819 1671 δε
848 1620 1245 1671 Artemidorum
1279 1617 1452 1685 ipsum
1478 1619 1583 1684 jam
1622 1633 1740 1670 tum
1760 1658 1781 1684 ‚

332 1706 498 1758 quum
530 1691 588 1743 in
624 1690 779 1761 Syria
810 1691 1050 1744 tribunus
1087 1692 1372 1744 militarem
1396 1731 1411 1753 ,
1450 1691 1586 1744 areta
1626 1692 1784 1745 fami·

332 1761 563 1816 liaritate
586 1768 901 1833 complexus
921 1766 1035 1817 sum
1058 1785 1070 1817 ε
1099 1765 1254 1834 idque
1283 1766 1514 1833 primum
1547 1768 1784 1819 nonnul-

333 1836 440 1890 lius
473 1837 668 1892 indolis
707 1839 824 1892 dedi
862 1838 1129 1908 specimen
1151 1878 1165 1902 ‚
1192 1837 1337 1907 quod
1371 1838 1548 1893 virum
1572 1856 1664 1893 aut
1694 1841 1783 1895 sa-

333 1910 575 1979 pientem
591 1952 606 1975 ,
633 1928 721 1964 aut
744 1913 1055 1981 proximum
1080 1912 1521 1982 simillimumque
1547 1914 1781 1982 sapienti

333 1982 633 2054 intelligere
664 1986 778 2038 sum
797 1987 964 2038 visus,
995 1989 1131 2038 Nam
1155 2003 1225 2038 ex
1244 1987 1490 2039 omnibus
1515 1989 1608 2056 qui
1632 2007 1781 2042 nunc

332 2058 387 2109 se
430 2058 782 2127 philosophos
824 2076 1023 2112 vocant
1046 2099 1060 2123 ‚
1084 2060 1186 2112 vix
1221 2077 1385 2112 unum
1422 2076 1512 2112 aut
1549 2063 1778 2116 alterum

334 2131 582 2185 invenies
615 2132 757 2184 tanta
782 2132 1089 2186 sinceritate
1108 2173 1123 2197 ‚
1161 2134 1303 2186 tanta
1326 2133 1570 2187 veritate.
1604 2135 1779 2188 Mitto

332 2204 437 2272 qua
460 2204 733 2273 'patientia
766 2207 1008 2275 corporis
1048 2206 1249 2259 hiemes
1289 2204 1439 2271 juxta
1486 2209 1539 2258 δι
1575 2207 1778 2262 aestates

331 2278 494 2341 ferat,
520 2295 581 2330 ut
613 2279 774 2331 nullis
798 2280 1066 2332 laboribus
1098 2283 1274 2344 cedat,
1306 2296 1365 2332 ut
1401 2281 1535 2332 nihil
1567 2281 1628 2332 in
1650 2282 1777 2335 cibo

334 2367 428 2403 aut
463 2366 597 2418 potu
644 2353 1010 2421 voluptatibus
1054 2353 1247 2405 tribuat
1273 2394 1287 2415 ‚
1323 2369 1383 2405 ut
1428 2357 1618 2406 oculos
1658 2356 1781 2408 ani·

335 2441 592 2494 mumque
637 2426 925 2480 contineat.
982 2428 1116 2479 Sunt
1163 2428 1275 2480 haec
1317 2444 1503 2496 magna
1526 2468 1544 2492 ‚
1580 2429 1671 2481 sed
1717 2428 1779 2481 in

336 2498 484 2557 alio·‚
521 2497 581 2550 in
603 2500 709 2552 hoc
738 2499 874 2553 vero
907 2499 1133 2553 minima
1153 2540 1168 2564 ‚
1193 2501 1239 2552 si
1264 2501 1453 2552 ceteris
1483 2501 1776 2555 virtutibus

336 2588 709 2638 comparentur
746 2593 758 2626 ε
802 2575 992 2642 quibus
1026 2576 1220 2627 meruit
1254 2589 1312 2625 ut
1346 2591 1375 2625 a
1413 2576 1473 2627 C.
1516 2574 1776 2629 Musonio

336 2662 408 2698 ex
473 2646 719 2699 omnibus
768 2648 1014 2700 omnium
1080 2647 1326 2700 ordinum
1383 2646 1776 2703 affeQatoribus

338 2735 501 2788 gener
560 2718 913 2773 affumeretur.
978 2723 1113 2787 Quae
1165 2721 1296 2774 mihi
1346 2721 1646 2777 recordanti
1703 2723 1775 2775 est

334 2792 554 2866 quidem
589 2792 874 2859 jucundum
915 2793 1065 2863 quod
1097 2811 1182 2847 me
1223 2811 1385 2863 quum
1420 2798 1558 2863 apud
1596 2795 1732 2848 alios
1755 2835 1773 2859 ‚

336 2880 453 2925 tum
490 2868 627 2938 apud
672 2884 725 2923 te
777 2867 937 2924 tantis
979 2869 1218 2924 laudibus
1266 2871 1515 2928 cumulat.
1562 2870 1774 2928 Vereor
