1951 3720
369 335 625 402 Epts
660 352 967 407 roLAE.
1018 336 1166 405 Lib.
1204 336 1314 407 ΙΙΙ.
1459 361 1544 430 71

134 451 537 524 impeditumque
577 455 680 524 qua
724 456 915 508 officiis
951 457 1204 508 maximis
1227 496 1242 520 ,
1280 456 1382 525 qua
1421 458 1558 510 ami-

135 528 239 580 citia
275 530 581 597 principum
617 529 794 598 egiffe.
834 531 936 581 Sed
966 546 1078 581 erat
1109 546 1226 582 acre
1247 531 1517 600 ingenium
1539 570 1556 595 ,

137 600 419 655 incredibile
474 602 704 654 studium
729 642 744 665 ‚
792 603 993 654 summa
1030 603 1327 672 vigilantia.
1384 605 1557 654 Lucu-

135 674 259 727 brare
295 694 325 727 a
349 677 730 727 Vulcanalibus
763 676 1083 744 incipiebat,
1119 693 1228 727 non
1259 676 1561 744 auspicandi

135 750 267 799 causa
287 789 301 809 ,
328 749 416 801 sed
451 749 690 800 studendi
708 789 722 810 ‚
747 749 916 800 statim
955 766 985 800 a
1019 749 1175 801 noCte
1217 753 1415 802 multa:
1442 751 1560 801 hie-

135 837 205 872 me
234 820 393 884 νει-ὸ,
427 823 561 873 hora
593 823 816 890 septima
840 862 855 885 ‚
893 825 982 874 vel
1023 840 1185 889 quum
1215 822 1513 874 tardissime
1539 861 1557 886 ‚

136 894 300 946 octava
316 934 331 957 ‚
358 898 491 963 saepe
511 895 679 947 sexta.
718 897 839 946 Erat
862 895 983 947 sane
1003 896 1175 947 somni
1199 896 1554 963 paratissimi,

136 983 516 1036 nonnumquam
554 969 719 1040 etiam
745 969 887 1021 inter
915 969 1078 1020 studia
1116 969 1351 1022 instantis
1388 970 1440 1021 ὅ(
1464 973 1558 1021 de-

137 1040 353 1093 serentis.
386 1043 527 1093 Ante
551 1043 725 1093 lucem
749 1042 856 1093 ibat
879 1045 942 1094 ad
972 1042 1358 1109 Vespasianum
1384 1043 1556 1110 impe-

136 1130 344 1166 ratorem
376 1134 393 1173 3
436 1132 561 1166 nam
597 1116 689 1167 ille
732 1133 945 1184 quoque
989 1115 1232 1166 noetibus
1267 1117 1509 1167 utebatur
1541 1135 1557 1169 ε

135 1184 239 1239 inde
277 1190 341 1239 ad
376 1190 676 1258 delegatum
718 1190 818 1241 sibi
856 1189 1109 1240 officium.
1156 1188 1420 1239 Reversus
1458 1191 1558 1240 do-

136 1276 261 1311 mum
281 1301 296 1322 ,
318 1264 465 1330 quod
484 1263 747 1329 reliquum
774 1277 884 1314 erat
908 1260 1170 1329 temporis
1187 1300 1201 1323 ,
1233 1261 1415 1313 studiis
1441 1263 1560 1313 red·

137 1334 284 1387 debat.
339 1335 460 1387 Post
490 1336 667 1388 cibum
700 1336 836 1403 saepe
862 1337 884 1404 (
907 1352 1066 1403 quem
1108 1335 1340 1386 interdiu
1380 1337 1559 1387 levem

138 1407 182 1457 &
201 1408 399 1460 facilem
422 1447 437 1471 ‚
474 1425 720 1461 veterum
752 1425 902 1460 more
923 1447 938 1470 ‚
974 1409 1247 1477 sumebat)
1276 1408 1447 1461 aestate
1469 1448 1483 1471 ,
1512 1407 1561 1460 si

138 1480 248 1548 quid
280 1481 379 1533 otii
406 1521 419 1545 ‚
454 1480 654 1545 jacebat
696 1483 752 1533 in
784 1482 928 1533 sole:
957 1482 1090 1533 liber
1122 1485 1389 1551 legebatur
1415 1503 1426 1534 :
1468 1484 1560 1533 ad-

137 1556 331 1606 notabat
373 1558 813 1623 excerpebatque.
852 1555 1002 1606 Nihil
1041 1556 1187 1607 enim
1217 1556 1374 1624 legit,
1416 1557 1563 1623 quod

138 1642 234 1678 non
272 1644 596 1697 excerperet.
636 1629 833 1680 Dicere
865 1628 1028 1680 etiam
1069 1629 1269 1680 solebat
1303 1649 1316 1680 :
1361 1631 1561 1679 Nullum

142 1701 214 1766 effe
250 1703 412 1752 librum
461 1720 557 1751 tam
598 1705 769 1752 malum
794 1738 805 1760 ,
852 1719 903 1751 ut
938 1722 1034 1752 non
1069 1704 1232 1768 aliqud
1268 1718 1406 1768 parte
1440 1722 1565 1770 pro-

141 1774 277 1828 desset.
325 1774 446 1827 Post
476 1776 646 1827 solem
683 1779 997 1843 plerumque
1026 1774 1217 1844 frigida
1249 1776 1521 1827 lavabatur
1544 1815 1560 1840 ‚

141 1847 304 1902 deinde
326 1848 586 1919 gustabam
619 1850 1017 1917 dormiebatque
1036 1848 1339 1901 minimum.
1380 1849 1521 1901 Mox
1543 1889 1559 1914 ‚

141 1923 272 1988 quasi
307 1924 415 1975 alio
435 1923 522 1974 die
544 1962 559 1985 ‚
589 1923 821 1975 studebat
851 1923 907 1973 in
937 1939 1104 1974 coena:
1130 1938 1375 1990 tempus:
1404 1923 1562 1990 super

143 1994 256 2047 hanc
291 1997 422 2048 liber
459 1999 732 2065 legebatur
764 2035 778 2058 ,
822 1999 1202 2059 adnotabatur,
1244 1998 1295 2047 &
1345 1997 1559 2064 quidem

143 2069 330 2121 cursim.
391 2070 625 2121 Memini
674 2072 951 2138 quemdam
997 2086 1067 2120 ex
1117 2069 1304 2121 amicis
1330 2109 1345 2132 ‚
1394 2087 1558 2137 quum

142 2140 289 2193 lector
325 2145 565 2212 quaedam
603 2160 878 2211 perperam
918 2143 1305 2210 pronuntiasset
1336 2182 1351 2205 ‚
1394 2160 1559 2194 revo-

144 2213 257 2265 caffe
287 2217 333 2268 δι
363 2217 535 2284 repeti
561 2214 788 2285 coegifi‘e
812 2236 828 2275 ·,
859 2216 985 2267 huic
1026 2219 1346 2268 avunculum
1378 2233 1558 2269 meum

143 2287 304 2341 dixiffe
325 2330 340 2353 ‚
373 2291 694 2340 Intellexms
715 2309 875 2356 nempe
896 2292 922 2339 ‚9
951 2306 1115 2357 quum
1141 2293 1230 2342 ille
1262 2289 1519 2342 annuiffet
1543 2309 1557 2343 ε

146 2364 229 2410 Cur
254 2382 354 2432 ergo
389 2363 645 2414 revocabas
669 2365 694 2412 ,7
738 2367 891 2413 decem
924 2364 1123 2429 amplids
1161 2362 1313 2431 versus
1343 2366 1428 2413 hac
1470 2367 1557 2413 tuci

145 2433 505 2503 interpellatione
533 2439 838 2506 perdidimus.
888 2437 1057 2487 Tanta
1082 2451 1192 2488 erat
1227 2436 1559 2504 parcimonia

144 2511 399 2576 temporis.
434 2512 689 2580 Surgebat
710 2509 880 2562 aestate
902 2527 930 2560 a
953 2526 1144 2572 coena,
1173 2510 1323 2561 luce:
1345 2511 1524 2562 hicme
1544 2551 1560 2574 ‚

146 2578 268 2632 intra
297 2585 521 2651 primam
564 2584 781 2646 ῃοέὶίς,
829 2584 880 2635 ὃ(
917 2599 1185 2651 tamquam
1222 2583 1398 2651 aliqua
1440 2587 1558 2652 lege

147 2668 363 2722 cogente.
430 2659 560 2708 Haec
607 2658 746 2708 inter
798 2656 1005 2708 medios
1053 2659 1257 2713 labores
1312 2657 1558 2724 urbisque

147 2724 410 2783 fremitum.
446 2732 508 2782 In
544 2729 737 2782 secefl'u
773 2730 944 2781 solum
986 2730 1181 2781 balinei
1214 2744 1422 2797 tempus
1452 2731 1557 2780 stu-

149 2799 238 2850 diis
273 2804 638 2856 eximebatur:
674 2820 836 2870 quum
877 2804 1000 2855 dico
1043 2802 1275 2865 balinei,
1315 2806 1376 2854 de
1414 2803 1554 2854 inte-

150 2871 351 2927 rioribus
374 2880 587 2945 loquor.
640 2878 775 2928 Nam
797 2878 921 2928 dum
943 2876 1279 2946 destringitur
1307 2876 1554 2945 tergitur·

152 2960 239 3012 que
261 2988 275 3013 ‚
313 2952 548 3004 audiebat
585 2950 786 3020 aliquid
824 2964 914 3002 aut
947 2949 1190 3004 dietabant.
1230 2951 1292 3002 ln
1327 2949 1517 3001 itinere
1536 2986 1553 3012 ‚
