1951 3720
392 288 866 365 TRAIANO
923 290 1344 368 υιστυς.
1450 295 1583 390 363

129 420 277 466 retur
294 453 311 478 ‚
336 429 407 466 an
445 413 581 466 illud
607 413 715 480 iam
755 417 884 469 deus
920 413 1141 469 fecifl‘et.
1180 416 1264 470 Ita
1307 417 1401 469 ille
1436 421 1594 471 nullo

131 488 304 557 magis
330 488 554 541 nomine
579 491 820 558 publicus
847 506 1068 559 parens,
1090 488 1249 559 quam
1281 490 1408 560 quia
1434 504 1559 543 tuus
1575 530 1596 556 ,

129 559 325 630 ingens
369 561 575 632 gloria,
626 562 921 633 ingensque
958 562 1098 617 fama
1125 602 1142 628 ‚
1178 580 1344 633 quum
1387 565 1595 618 abunde

129 650 391 704 expertus
440 634 572 688 efl‘et
594 675 611 701 ‚
650 636 809 706 quam
847 638 984 690 bene
1034 637 1272 690 humeris
1307 636 1415 691 tuis
1453 638 1601 691 sede·

130 723 214 761 ret
251 708 546 777 imperium
568 747 583 773 ‚
607 709 707 762 tibi
743 724 907 764 terras
929 750 946 776 ,
970 724 1026 763 te
1056 710 1212 764 terris
1237 710 1492 781 reliquit·,
1522 728 1597 764 eo

130 781 254 850 ipso
292 799 445 836 carus
478 783 728 837 omnibus
757 801 821 838 ac
842 784 1219 838 desiderandus
1240 823 1257 850 ,
1283 783 1435 855 quod
1463 801 1598 853 pro·

130 857 389 926 spexerat
420 873 490 909 ne
521 858 926 912 desideraretur.

204 929 314 984 XI.
354 931 533 999 Quem
556 946 617 984 tu
637 932 891 1002 lacrymis
916 930 1150 1001 primum
1168 971 1187 997 ‚
1219 931 1295 985 ita
1330 945 1391 985 ut
1421 930 1598 987 fllium

130 1004 317 1057 decuit
336 1043 353 1068 ,
391 1022 527 1059 mox
567 1008 785 1075 templis
828 1006 1156 1066 honestasti3
1204 1022 1319 1059 non
1354 1004 1602 1061 imitatus

132 1077 264 1132 illos
313 1079 409 1148 qui
454 1080 562 1132 hoc
611 1079 754 1133 idem
773 1118 790 1144 ,
830 1080 920 1133 sed
958 1080 1065 1134 alia
1105 1094 1287 1133 mente
1333 1081 1602 1139 fecerunt.

132 1152 364 1204 Dicavit
411 1155 556 1206 coelo
598 1153 847 1206 Tiberius
882 1152 1174 1224 Augustum
1190 1193 1207 1218 ‚
1238 1154 1329 1208 sed
1378 1169 1440 1207 ut
1481 1172 1603 1209 ma-

131 1223 335 1293 iestatis
371 1226 581 1280 crimen
617 1228 929 1281 induceret:
972 1227 1254 1281 Claudium
1283 1228 1432 1281 Nero
1453 1266 1470 1291 ‚
1508 1228 1601 1283 sed

130 1315 196 1352 ut
241 1299 528 1354 irrideret:
563 1301 954 1371 Vespasianum
991 1301 1149 1354 Titus
1183 1340 1200 1365 ‚
1243 1300 1601 1355 Domitianus

129 1372 326 1427 Titum
359 1392 375 1426 ε
410 1374 502 1427 sed
537 1373 630 1428 ille
654 1413 670 1439 ‚
706 1390 769 1428 ut
809 1375 897 1429 dei
929 1374 1074 1428 filius
1096 1414 1111 1439 ‚
1158 1373 1249 1428 hic
1279 1413 1298 1439 ‚
1338 1389 1399 1427 ut
1436 1375 1603 1430 frater

131 1447 433 1501 videretur.
493 1449 580 1500 Tu
627 1448 888 1502 sideribus
931 1462 1137 1518 patrem
1185 1447 1408 1502 intulisti
1432 1487 1449 1514 ,
1482 1466 1601 1504 non

132 1522 200 1573 ad
232 1537 444 1575 merum
476 1522 684 1575 civium
708 1562 725 1587 ‚
764 1539 879 1575 non
915 1522 974 1575 in
1005 1522 1391 1576 contumeliam
1415 1522 1601 1576 numi-

133 1611 271 1647 num
292 1635 309 1659 ‚
339 1612 454 1648 non
496 1596 557 1649 in
594 1596 861 1649 honorem
913 1611 1063 1650 tuum
1082 1635 1098 1660 ,
1137 1595 1228 1648 sed
1274 1596 1400 1664 quia
1436 1598 1597 1650 deum

131 1670 332 1723 credis.
381 1669 568 1722 Minus
601 1669 676 1723 est
703 1671 811 1723 hoc
835 1709 850 1733 ‚
888 1687 1055 1738 quum
1089 1669 1152 1722 fit
1181 1670 1245 1722 ab
1277 1669 1346 1723 iis
1368 1708 1384 1732 ‚
1425 1671 1519 1738 qui
1545 1672 1601 1724 ὅ(

134 1743 249 1797 sese
281 1746 413 1797 deos
450 1758 658 1813 putant.
699 1745 805 1797 Sed
826 1742 954 1797 licet
988 1744 1143 1797 illum
1165 1744 1269 1796 aris
1298 1781 1314 1807 ‚
1347 1743 1602 1813 pulvina-

134 1817 327 1883 ribus,
368 1817 585 1872 flamine
630 1821 812 1883 colas,
861 1834 973 1871 non
1033 1818 1142 1872 alio
1196 1817 1367 1890 magis
1423 1832 1604 1871 tamen

134 1894 302 1946 deum
336 1893 393 1945 δι
420 1893 550 1946 facis
588 1894 640 1946 ὃ(
676 1893 870 1961 probas
892 1932 907 1956 ‚
947 1891 1109 1962 quam
1146 1890 1293 1962 quod
1328 1891 1441 1961 ipse
1476 1893 1603 1948 talis

136 1983 213 2020 es.
253 1969 323 2021 In
356 1966 605 2035 Principe
634 1967 811 2031 enim,
832 1967 928 2035 qui
958 1966 1133 2020 electo
1164 1965 1452 2019 succefl’ore
1488 1967 1602 2021 fato

137 2040 418 2094 concessit
436 2080 453 2105 ‚
496 2058 601 2093 una
638 2043 928 2110 eademque
962 2040 1260 2092 certissima
1298 2039 1602 2095 divinitatis

136 2114 278 2168 fides
329 2113 441 2177 est,
483 2115 656 2168 bonus
693 2114 970 2168 succeffor.
1032 2111 1176 2166 Num
1216 2130 1347 2184 ergo
1391 2114 1491 2166 tibi
1530 2131 1604 2168 ex

136 2187 554 2242 immortalitate
583 2188 747 2258 patris
770 2188 972 2257 aliquid
994 2188 1307 2257 arrogantiae
1339 2188 1559 2241 accessit
1575 2190 1602 2242 ἒ

136 2264 293 2316 Num
329 2264 434 2314 hos
465 2263 749 2332 proximos
782 2261 1066 2315 divinitate
1090 2275 1369 2330 parentum
1392 2263 1603 2317 desides

138 2353 199 2390 ac
232 2337 527 2405 superboS‚
560 2336 744 2406 potius
781 2334 940 2406 quam
963 2335 1092 2388 illos
1124 2351 1338 2389 veteres
1378 2337 1432 2389 &
1459 2337 1602 2391 anti·

138 2428 288 2481 quos
325 2409 590 2463 aemularis
612 2450 628 2474 ‚
668 2410 762 2479 qui
791 2410 898 2463 hoc
929 2409 1103 2478 ipsum
1125 2408 1411 2478 imperium
1432 2428 1599 2480 pepe-

138 2482 267 2541 rere
293 2487 315 2538 ἓ
344 2487 492 2553 quod
519 2483 687 2538 modo
718 2483 893 2537 hostes
925 2481 1227 2536 invaserant
1259 2484 1602 2553 contempse-

137 2575 410 2628 rantque:
436 2557 586 2622 cujus
610 2558 752 2627 pulsi
779 2557 1053 2628 fugatique
1074 2596 1089 2620 ‚
1119 2574 1232 2610 non
1254 2558 1396 2611 aliud
1428 2557 1600 2622 majus

135 2634 437 2687 habebatur
471 2632 729 2685 indicium
750 2672 767 2697 ‚
790 2633 954 2702 quinn‘
986 2629 1132 2700 quod
1166 2632 1601 2701 triumpharetur.

136 2709 293 2778 Ergo
332 2706 642 2759 sustulerant
665 2706 906 2771 animoa,
943 2707 1004 2759 ’δι
1021 2705 1205 2776 jugum
1234 2704 1562 2759 excufferant
1585 2724 1605 2766 ·,

137 2798 250 2835 uec
270 2780 382 2846 jam
419 2781 699 2833 nobiscum
725 2782 793 2833 de
819 2780 909 2833 sua
937 2780 1210 2844 libertate,
1235 2780 1323 2832 sed
1345 2781 1410 2833 de
1426 2778 1605 2833 nostra

138 2856 414 2909 servitute
439 2857 740 2915 certabant3
771 2870 832 2907 ac
875 2870 942 2906 ne
977 2854 1213 2908 inducias
1250 2854 1464 2924 quidem
1496 2852 1607 2906 nisi

140 2929 323 2998 cquis
350 2928 752 2984 conditionibus
769 2927 975 2985 inibant
997 2946 1016 2992 3
1051 2928 1300 3003 legesque
1320 2940 1383 2981 ut
1399 2926 1610 3000 accipe-

140 3017 277 3057 rent
295 3040 314 3073 ,
347 3004 559 3062 dabant.
1199 3002 1256 3071 Q
1275 2997 1312 3071 ii
