1951 3720
379 307 533 381 <230
706 287 974 355 CAII
1051 288 1467 355 ΡιιΝιι
1560 279 1578 288 ”

398 408 1801 537 affiffiffffiffiffiffiam

510 621 930 706 LIBER
1026 588 1716 710 ocTAths.

459 796 503 849 1.
558 798 619 850 C.
678 795 1010 848 Pin-uus
1061 796 1444 848 sar-nno
1502 808 1652 847 suo
1705 797 1756 849 S.

421 919 586 971 Dolet
620 918 836 969 lefforem
861 915 998 985 suum
1040 934 1100 967 ex
1137 916 1322 966 itineris
1356 917 1462 979 aestu
1497 916 1548 965 in
1597 916 1799 967 morbum

991 1012 1224 1081 incidiffe.

388 1103 436 1194 I
456 1152 599 1191 TER
639 1134 926 1191 commode
955 1136 1195 1205 explicui
1222 1176 1238 1200 ‚
1275 1151 1506 1204 excepto
1541 1135 1696 1206 quod
1720 1136 1827 1206 qui-

375 1215 507 1266 dam
540 1229 611 1265 ex
647 1211 784 1265 meis
813 1212 1086 1278 adversam
1108 1210 1473 1263 valetudinem
1505 1211 1829 1263 ferventissi-

385 1287 491 1339 mis
546 1285 752 1338 aestibus
799 1298 1198 1338 contraxerunt.
1267 1284 1560 1352 Encolpius
1625 1286 1829 1353 quidem

387 1361 591 1422 lector,
634 1360 725 1412 ille
760 1361 896 1412 seria
931 1358 1107 1411 nostra
1133 1399 1149 1422 ‚
1193 1358 1282 1410 ille
1332 1358 1535 1409 deliciae
1559 1398 1576 1422 ‚
1614 1360 1831 1427 exaspe-

386 1434 514 1486 ratis
532 1433 768 1485 faucibus
788 1436 1012 1501 pulvere
1034 1473 1048 1496 ‚
1082 1432 1388 1501 sanguinem
1420 1432 1626 1497 reiecit.
1666 1433 1831 1499 Quam

386 1507 531 1559 triste
566 1507 672 1558 hoc
704 1507 851 1575 ipsi,
890 1505 1049 1575 quam
1087 1507 1330 1559 acerbum
1352 1505 1485 1557 mihi
1507 1546 1522 1569 ‚
1548 1506 1600 1559 si
1636 1506 1690 1558 is
1713 1546 1726 1569 ‚
1751 1507 1827 1559 cui

377 1581 570 1633 omnis
602 1597 673 1632 ex
702 1580 888 1633 studiis
922 1579 1089 1649 gratia
1109 1619 1124 1644 ,
1158 1578 1403 1631 inhabilis
1427 1578 1612 1632 studiis
1641 1580 1827 1633 fuerit!

389 1654 529 1721 Quis
568 1655 756 1706 deinde
778 1655 1163 1706 libellos-meos
1184 1653 1263 1705 sic
1281 1655 1467 1721 leget?
1499 1654 1580 1706 sic
1600 1654 1830 1706 amabit?

390 1745 551 1797 quem
604 1744 755 1780 aures
811 1744 941 1779 meae
980 1727 1061 1779 sic
1101 1727 1386 1795 sequentur
1417 1729 1439 1778 ἓ
1493 1728 1599 1779 Sed
1634 1727 1714 1778 dii
1751 1729 1834 1780 lae-

390 1802 532 1853 tiora
567 1800 907 1869 promittunt.
956 1800 1116 1852 Stetit
1149 1799 1358 1870 sanguis
1388 1839 1404 1863 ,
1435 1801 1630 1852 resedit
1660 1802 1834 1852 dolor.

388 1876 649 1928 Praeterea
690 1875 972 1928 continens
1011 1875 1126 1942 ipse
1151 1915 1167 1938 ‚
1207 1892 1308 1926 nos
1350 1874 1609 1936 solliciti,
1648 1874 1833 1927 medici

389 1948 690 2017 diligentes.
752 1949 835 2000 Ad
873 1949 979 2000 hoc
1027 1947 1300 2003 salubritas
1338 1949 1465 2000 coeli
1504 1989 1518 2012 ,
1563 1947 1784 2000 seceffus
1818 1987 1831 2010 ‚

390 2022 541 2090 quies
562 2062 578 2086 ‚
602 2037 807 2074 tantum
826 2021 1008 2074 salutis
1030 2060 1046 2087 ‚
1081 2037 1338 2092 quantum
1364 2021 1469 2073 otii
1492 2022 1832 2090 pollicentur.

387 2096 445 2148 V
463 2099 563 2150 ale.

481 2218 572 2270 11.
632 2216 961 2269 Fun-'tus
1022 2206 1433 2269 CAtvts1o‘
1475 2229 1625 2270 suo
1650 2212 1657 2217 ”
1685 2218 1743 2270 S.

444 2317 655 2368 Novitas
694 2315 740 2365 ὃ·
766 2313 930 2382 forma
962 2315 1249 2365 remissionis
1275 2314 1417 2381 fiu‘la
1449 2315 1785 2366 vindemiarum

652 2411 933 2480 emptoribus
961 2445 977 2470 ‚
1020 2429 1134 2478 quos
1171 2408 1281 2479 spes
1311 2409 1586 2477 fefellerat.

396 2493 490 2590 A
512 2550 543 2587 1.
560 2549 583 2586 1
600 2549 625 2586 1
661 2532 720 2586 in
755 2534 950 2602 praedia
997 2535 1085 2586 sua
1116 2533 1526 2602 proficiscuntur
1545 2574 1561 2597 ,
1601 2547 1663 2586 ut
1696 2536 1832 2587 locu·

393 2607 650 2676 pletiores
681 2622 1050 2668 revertantur·,
1087 2624 1193 2677 ego
1212 2647 1228 2671 ‚
1251 2621 1311 2659 ut
1335 2608 1641 2676 pauperior.
1688 2610 1830 2660 Ven-

394 2681 626 2734 dideram
644 2681 942 2734 vindemias
961 2681 1203 2739 certatim
1222 2682 1833 2750 negotiatoribusssemen-

396 2754 555 2808 tibus,
588 2755 853 2808 Invitabat
882 2754 1114 2823 pretium
1136 2794 1151 2817 ‚
1186 2756 1238 2807 &
1263 2758 1410 2822 quod
1430 2769 1556 2807 tunc
1573 2794 1588 2818 ‚
1616 2757 1668 2808 &
1698 2754 1833 2822 quod

394 2828 512 2880 fore
551 2829 843 2881 videbatur.
899 2830 1032 2896 Spes
1070 2828 1275 2881 fefellit.
1332 2829 1453 2879 Erat
1495 2829 1835 2896 expeditum,

396 2901 645 2955 omnibus
697 2902 968 2956 remittere
1022 2901 1294 2972 aequaliter
1325 2941 1340 2966 ,
1398 2903 1491 2955 sed
1545 2919 1659 2956 non
1708 2900 1831 2953 saxis
