1951 3720
368 332 371 339 .
421 245 490 314 Ε
510 258 560 315 Ρ
580 263 619 313 I
637 262 680 314 s
706 263 753 314 T
779 264 825 316 0
847 264 893 315 L
911 262 1001 316 AE‘.
1051 216 1212 318 Lib]
1238 249 1320 320 11.
1509 256 1593 347 5'7

156 366 251 419 lata
276 363 399 434 post
438 367 697 433 apotheca
736 365 790 418 &
824 366 1097 421 horreum.
1147 369 1254 420 Sub
1291 367 1397 420 hoc
1431 366 1596 419 tricli-

156 440 293 491 nium
313 479 329 504 ,
369 442 518 508 quod
539 438 736 491 turbati
760 439 920 491 maris
952 456 1068 493 non
1099 440 1206 494 nisi
1242 441 1505 510 fragorem
1539 442 1594 492 δε

156 513 332 564 sonum
367 513 572 582 patitur
597 548 612 575 ‚
645 529 874 580 eumque
902 512 1008 578 jam
1042 513 1355 584 languidum
1380 531 1438 566 ac
1461 514 1596 568 desi-

158 602 359 638 nentem
384 605 401 640 t
431 588 655 638 hortum
688 586 741 637 &
771 585 1117 656 gestationem
1137 587 1286 640 videt
1306 627 1321 650 ‚
1351 588 1452 656 qua
1477 588 1596 639 hor-

158 660 237 711 tus‘
262 660 572 712 includitur.
621 657 860 711 Gestatio
892 662 1038 711 buxo
1071 675 1159 712 aut
1183 678 1305 712 rore
1342 660 1550 712 marino
1577 701 1596 725 ,

156 732 235 784 ubi
263 731 443 785 deficit
464 733 678 794 buxus„
704 732 946 784 ambitur.
972 734 1109 784 Nam
1128 734 1297 785 buxus
1320 735 1422 802 qua
1445 749 1596 802 parte

157 806 440 859 defenditur
470 805 627 858 testis
650 804 852 858 abunde
871 806 1047 858 viret:
1075 823 1259 874 aperto
1279 810 1423 859 coelo
1448 824 1595 875 aper-

156 871 305 949 to'que
341 894 568 942 vente,
605 880 697 942 &‚
742 896 1060 948 quamquam
1090 880 1381 950 longinqua
1425 882 1594 951 asper-

157 952 264 1036 gine
296 953 465 1006 maris
493 992 508 1016 ,
554 952 822 1005 inarescit.
867 952 1086 1021 Adiacet
1126 953 1403 1023 gestationi
1458 955 1592 1007 inte-

155 1025 282 1079 tiore
300 1026 537 1080 circuitu
566 1026 728 1078 vinea
747 1041 928 1078 tenera
955 1027 1009 1078 &
1030 1030 1310 1089 umbrosa,
1332 1029 1593 1097 nudisque

156 1098 302 1152 etiam
338 1100 568 1168 pedibus
605 1099 786 1151 mollis
811 1101 1094 1154 &cedens
1149 1102 1384 1153 Hortum
1408 1118 1594 1154 morus

160 1172 205 1224 δε
243 1172 376 1226 ficus
417 1175 674 1242 frequens
710 1173 865 1226 vestit
898 1193 911 1226 ε
954 1191 1175 1242 quarum
1218 1175 1466 1226 arborum
1501 1175 1595 1227 illa

157 1249 234 1299 vel
269 1245 516 1300 maxime
548 1247 699 1298 ferax
733 1246 806 1298 est
842 1261 983 1299 terra
1008 1287 1022 1310 ,
1051 1247 1339 1316 malignior
1379 1249 1594 1301 ceteris,

155 1320 256 1373 Hac
277 1339 394 1374 non
437 1320 708 1373 deteriore
730 1360 744 1384 ‚
775 1319 931 1389 quam
963 1322 1123 1374 maris
1152 1322 1288 1373 facie
1306 1361 1320 1384 ,
1355 1321 1593 1374 coenatio

154 1410 349 1447 remota
373 1412 405 1446 a
441 1394 580 1446 mari
610 1394 817 1447 fruitur.
858 1394 1104 1464 Cingitur
1138 1395 1309 1447 diaetis
1345 1396 1539 1447 duabus
1566 1412 1597 1447 a

155 1480 324 1538 tergo,
348 1485 580 1537 quarum
615 1467 850 1520 fenestris
892 1467 1120 1534 subjacet
1147 1468 1464 1520 vestibulum
1493 1469 1594 1522 vil-

153 1542 241 1605 lae,
267 1543 320 1594 &
357 1542 554 1594 hortus
584 1542 747 1604 aliuS,
773 1542 1028 1611 pinguior
1070 1544 1123 1594 &
1162 1542 1398 1594 rusticus,
1454 1542 1612 1594 Hinc'

155 1615 586 1685 cryptoporticus
615 1614 785 1682 prope
821 1615 1020 1682 publici
1059 1615 1239 1684 operis
1270 1615 1594 1668 extenditur.

155 1689 437 1758 Utrimque
481 1688 716 1740 fenestrae
742 1728 756 1752 ‚
798 1706 825 1740 a
879 1689 1013 1740 mari
1054 1691 1232 1757 plures
1264 1727 1280 1750 ‚
1328 1689 1391 1740 ab
1432 1689 1595 1740 horto

155 1760 366 1832 singulae
389 1800 417 1825 ,ν
432 1762 523 1814 sed
545 1762 760 1813 alternis
785 1762 1082 1830 pauciores,
1111 1762 1207 1813 Hae
1230 1801 1245 1824 ‚
1271 1778 1435 1829 quum
1455 1763 1596 1814 sere-

156 1851 245 1889 nus
279 1837 394 1890 dies
437 1837 492 1888 ὃ(
533 1835 790 1888 immotus
816 1877 832 1900 ,
875 1852 1064 1889 omnes
1090 1876 1105 1899 ‚
1148 1852 1311 1905 quum
1348 1834 1471 1887 hinc
1504 1837 1598 1889 vei

155 1908 269 1964 inde
308 1925 514 1964 ventus
569 1909 838 1977 inquietus
863 1950 878 1974 ,
922 1909 1029 1979 qua
1069 1910 1222 1962 venti
1268 1909 1544 1978 quiescunt
1579 1949 1595 1975 ,

157 1983 262 2037 sine
301 1984 502 2050 injuria
525 1997 724 2051 patent.
768 1985 906 2035 Ante
925 1983 1388 2055 cryptoporticum
1410 1983 1596 2052 xystus

155 2056 310 2111 violis
337 2060 620 2110 odoratus,
661 2057 930 2125 Teporem
961 2058 1091 2109 solis
1114 2057 1276 2108 infusi
1300 2056 1600 2124 repercussu

154 2131 588 2201 cryptoporticus
624 2146 780 2199 auget
805 2171 820 2194 ,
863 2148 980 2199 quae
1010 2146 1075 2183 ut*
1106 2145 1253 2182 tenet
1288 2131 1455 2182 solem
1476 2170 1491 2194 ‚
1519 2130 1600 2183 sic

155 2206 460 2273 aquilonem
486 2202 723 2265 inhibet,
758 2205 1202 2273 summovetque3
1234 2220 1597 2273 quantumque

153 2278 340 2331 caloris
378 2277 506 2331 ante
532 2318 547 2341 ,
591 2291 798 2329 tantum
853 2293 999 2331 retro
1050 2277 1304 2348 frigoris:
1350 2277 1601 2331 similiter

152 2351 386 2405 Africum
432 2352 567 2404 sistit
599 2387 618 2409 ‚
658 2366 813 2419 atque
850 2352 923 2403 ita
968 2351 1364 2403 diversissimos
1398 2369 1598 2404 ventos

152 2424 310 2477 alium
333 2427 449 2478 alio
471 2429 634 2479 latere
666 2425 860 2495 frangit
889 2427 940 2477 &
963 2424 1103 2477 finit.
1144 2425 1276 2476 Haec
1300 2423 1596 2489 jucunditas

153 2497 260 2563 ejus
282 2500 503 2562 hieme,
543 2498 714 2563 major
750 2500 938 2551 aestate.
982 2500 1121 2549 Nam
1156 2513 1277 2550 ante
1316 2499 1596 2551 meridiem

154 2572 395 2647 xystum,
422 2572 541 2641 post
564 2572 839 2625 meridiem
859 2571 1166 2642 gestationis
1192 2573 1443 2641 hortique
1475 2590 1597 2641 pro·

153 2646 357 2699 ximam
374 2661 585 2734 partem
608 2648 791 2698 umbra
810 2646 901 2698 sua
923 2660 1212 2713 temperav,
1233 2663 1382 2715 quat,
1402 2661 1460 2697 ut
1483 2647 1598 2698 dies

155 2721 322 2772 crevit
346 2717 724 2788 decrevitque,
744 2718 907 2772 modo
918 2720 1172 2809 brevior,
1193 2719 1362 2772 modo
1381 2719 1598 2787 longior

155 2791 247 2845 hac
295 2797 385 2847 vel
442 2795 564 2846 illac
612 2794 768 2848 cadit.
816 2794 933 2861 Ipsa
979 2791 1117 2845 vero
1162 2792 1604 2863 cryptoporticus»

152 2880 277 2923 tunc
330 2867 571 2922 maxime
612 2883 761 2922 caret
803 2869 914 2921 sole
936 2906 951 2933 ‚
991 2884 1154 2938 quum
1200 2864 1603 2919 ardentissimus

1258 2943 1299 2993 C
1338 2958 1375 2990 v
