1951 3720
412 314 550 382 240
733 289 1007 360 carr
1077 292 1498 361 PL1N11

605 414 715 468 IX.
759 415 1099 467 Ptrutus
1139 415 1354 466 Unso
1397 426 1547 465 suo
1586 414 1642 467 S.

593 535 767 586 Studia
799 536 1050 586 amicorum
1083 540 1283 604 negotiis
1327 534 1669 601 postponenda.

415 622 674 715 ΟιῐΜ
733 674 846 709 non
895 658 1090 710 librum
1146 657 1203 707 in
1252 673 1437 707 manus
1462 694 1478 718 ‚
1516 672 1627 707 non
1677 653 1828 709 stilum

411 730 630 798 sumpsi.
668 731 818 782 Olim
844 733 1022 782 nescio
1050 731 1176 798 quid
1198 730 1267 781 sit
1287 731 1459 780 otium
1481 768 1496 791 ‚
1525 728 1652 796 quid
1667 729 1828 797 quies,

412 803 541 871 quid
578 805 805 872 denique
843 805 971 855 illud
1010 804 1150 855 iners
1184 803 1395 871 quidem
1422 842 1436 863 ,
1461 801 1741 865 jucundum
1762 818 1830 854 ta-

411 893 570 940 men,
610 877 743 929 nihil
782 894 935 946 agere
962 917 977 940 ,
1015 877 1149 927 nihil
1199 876 1301 928 effe
1335 895 1348 927 ε
1390 877 1521 926 adeo
1562 876 1719 926 multa
1759 892 1832 927 me

411 950 630 1018 negotia
667 950 960 1002 amicorum
1002 967 1099 1002 nec
1130 950 1367 1001 secedere
1399 965 1497 999 nec
1528 948 1725 1000 studere
1752 966 1833 1015 pa·

410 1021 630 1075 tiuntur.
665 1026 823 1075 Nulla
841 1024 984 1075 enirn
1012 1023 1176 1074 studia
1197 1022 1357 1084 tanti,
1378 1038 1436 1073 ut
1460 1021 1707 1073 amicitiae
1730 1021 1834 1073 offi-

411 1094 554 1146 cium
598 1097 861 1148 deseratur
885 1136 899 1158 ,
939 1098 1083 1165 quod
1113 1094 1520 1165 religiosissime
1558 1093 1835 1146 custodien-

411 1169 536 1220 dum
560 1168 724 1221 studia
749 1170 862 1238 ipsa
896 1168 1231 1238 prae‘cipiunt.
1272 1170 1426 1221 Vale.

429 1331 440 1337 -
470 1290 542 1344 X.
580 1291 839 1343 Pmmus
878 1292 1133 1342 FABATo
1166 1289 1546 1342 Pnosocano
1584 1303 1707 1342 suo
1739 1291 1789 1345 S.

430 1399 438 1476 ζ
522 1413 736 1464 Nuntiat
766 1429 958 1461 uxorem
991 1410 1204 1463 abortum
1230 1407 1431 1475 feciffe,
1470 1411 1642 1459 additia*
1663 1408 1748 1479 spe

680 1507 1009 1575 facunditatis
1032 1506 1229 1573 felicius
1270 1508 1591 1574 explorandae.

422 1606 520 1727 Q
543 1670 585 1707 U
602 1652 637 1708 ὸ
667 1655 834 1726 magis
853 1654 1004 1723 cupis
1021 1671 1091 1707 ex
1110 1655 1265 1707 nobis
1296 1669 1624 1723 pronepotes
1645 1654 1843 1721 videte3

416 1730 523 1782 hoc
553 1729 751 1781 tristior
792 1728 971 1781 audies
1000 1768 1015 1792 ‚
1060 1744 1273 1797 neptem
1313 1745 1457 1780 tuam
1500 1730 1746 1781 abortum
1778 1731 1844 1783 fe·

417 1802 539 1856 cisse
560 1842 575 1867 ‚
601 1805 724 1855 dum
744 1804 796 1856 se
815 1818 1174 1872 praegnantem
1206 1801 1308 1854 effe
1332 1802 1637 1871 puellariter
1662 1803 1844 1862 nescit3

418 1895 478 1929 ac
523 1894 618 1945 per
663 1879 768 1929 hoc
815 1879 1050 1946 quaedam
1096 1876 1430 1929 custodienda
1471 1877 1845 1946 praegnantibus

420 1950 626 2003 omittit
646 1991 661 2014 ‚
691 1950 816 2003 facit
841 1951 1152 2003 omittenda.
1187 1951 1361 2015 Quem
1386 1964 1620 2001 errorem
1657 1951 1845 2020 magnis

421 2023 751 2077 detrimentis
793 2022 1037 2091 expiavit
1075 2062 1090 2087 ‚
1147 2024 1204 2074 in
1247 2024 1508 2075 summum
1564 2025 1846 2091 periculum

421 2096 652 2150 addusta.
688 2098 856 2167 Igitur
881 2137 895 2159 ,
928 2112 991 2149 ut
1029 2095 1232 2148 necesse
1267 2097 1339 2148 est
1371 2097 1603 2165 graviter
1636 2098 1845 2165 accipias

421 2170 743 2225 senectutem
782 2186 926 2222 tuam
964 2170 1117 2238 quasi
1153 2171 1348 2237 paratis
1384 2169 1607 2238 posteris
1651 2170 1845 2222 destitu-

336 2284 356 2296 .
423 2259 563 2302 tam·,
596 2244 674 2295 sic
708 2246 862 2296 debes
894 2259 1048 2314 agere
1084 2243 1188 2295 diis
1221 2244 1441 2312 gratias,
1481 2242 1626 2312 quod
1662 2244 1738 2295 ita
1767 2243 1849 2295 tibi

422 2316 480 2367 in
502 2317 778 2384 praesentia
811 2332 1139 2385 pronepotes
1178 2331 1504 2386 negaverunt
1528 2355 1544 2379 ‚
1583 2331 1650 2368 ut
1696 2318 1848 2369 serva·

421 2405 538 2441 rent
565 2407 778 2458 neptem
794 2431 808 2454 ‚
830 2391 954 2442 illos
974 2390 1227 2443 reddituri
1249 2409 1264 2448 ;
1290 2407 1516 2458 quorum
1539 2391 1703 2442 nobis
1723 2392 1848 2458 spem

421 2464 703 2515 certiorem
732 2465 843 2516 haec
872 2463 981 2531 ipsa
1001 2503 1016 2526 ‚
1044 2481 1360 2532 quamquam
1391 2481 1575 2531 parum
1606 2464 1851 2532 prospere

421 2539 719 2605 explorata,
749 2537 1063 2589 foecunditas
1095 2536 1237 2589 facit.
1267 2536 1457 2589 Iisdem
1482 2553 1625 2588 nunc
1653 2554 1757 2607 ego
1775 2551 1850 2597 te,

421 2613 609 2678 quibus
649 2610 820 2678 ipsum
863 2627 948 2662 me
969 2650 984 2673 ‚
1022 2611 1210 2663 hortor
1235 2649 1250 2674 ,
1297 2627 1495 2663 moneo
1516 2650 1531 2673 ‚
1571 2609 1850 2671 confirmo.

421 2687 609 2754 Neque
653 2678 796 2735 enirn
848 2683 1114 2737 ardentius
1163 2699 1222 2735 tu
1274 2698 1602 2752 pronepotes
1647 2724 1663 2747 ,
1708 2683 1851 2752 quam

420 2776 524 2827 ego
560 2757 756 2809 liberos
779 2754 939 2825 cupio
963 2776 974 2808 :
1003 2758 1191 2825 quihus
1228 2757 1418 2809 videor
1447 2774 1476 2808 a
1507 2774 1636 2810 meo
1663 2771 1852 2823 tuoque

419 2834 581 2883 latere
605 2846 834 2897 pronum
872 2832 936 2882 ad
965 2831 1203 2882 honores
1236 2829 1365 2894 iter,
1408 2831 1460 2882 &
1493 2831 1672 2882 audita
1710 2828 1853 2881 latius

420 2903 639 2958 nomina
654 2942 668 2967 ‚
692 2903 744 2955 ὃ(
774 2920 887 2957 non
904 2903 1099 2958 subitas
1119 2903 1375 2974 imagines
1395 2902 1698 2957 restiturus.
1732 2901 1854 2952 Nas-

1679 2988 1854 3028 cantur
