1951 3720
391 266 875 340 TRAJANO
921 282 1364 342 υιετυε.
1469 270 1601 364 36ι’

151 386 251 441 fax
292 390 553 442 tumultus
595 388 807 455 fuiffet,
850 388 958 443 nisi
1005 388 1270 445 incidisset
1305 390 1365 443 in
1400 406 1473 445 te.
1523 394 1615 446 An

153 461 380 514 dubium
405 462 477 515 est
497 503 512 526 ‚
536 479 598 515 ut
618 465 737 516 dare
760 463 933 531 poss'et
969 462 1257 533 imperium
1280 466 1573 533 imperator
1596 505 1615 531 ,

153 535 254 605 qui
279 538 636 588 reverentiam
662 537 935 598 amiserat,
970 538 1283 591 au&oritate
1307 537 1421 603 ejus
1446 538 1621 592 effec-.

154 621 279 660 tum
310 608 415 662 esse
438 649 453 673 ‚
492 611 577 662 cui
609 612 866 663 dabatur?
900 610 1069 663 Simul
1106 611 1283 675 filius,
1315 611 1473 664 simul
1501 615 1621 665 Cae-⁸

151 681 238 734 sar
265 721 281 745 ‚
323 700 456 735 mox
482 683 773 752 imperator
792 723 807 747 ‚
842 685 895 737 &
926 685 1148 737 consors
1178 684 1471 737 tribunitiae
1505 693 1623 754 poa*

150 754 363 808 testatis
387 797 403 823 ,
448 758 500 810 &
536 758 719 810 omnia
754 757 953 826 pariter
997 759 1050 810 δι
1090 756 1264 810 statim
1299 757 1560 816 faeluses
1599 798 1618 825 ,

150 845 278 897 quae
318 831 569 897 proxime
611 848 802 901 parens
841 848 1004 884 verus
1043 834 1251 885 tantum
1293 830 1354 883 in
1382 833 1613 887 alterum

150 901 336 955 filium
373 905 623 959 contulit.
687 930 692 937 ·

229 977 333 1030 IX.
355 978 616 1049 Magnum
645 979 752 1032 hoc
775 992 879 1031 tuae
913 977 1301 1031 moderationis
1322 976 1578 1032 indicium
1603 989 1625 1046 J

152 1049 310 1119 quod
353 1068 466 1104 non
504 1052 678 1106 solum
726 1053 985 1106 succefl'or
1027 1052 1278 1121 imperii,
1316 1052 1405 1105 sed
1445 1053 1623 1121 parti·

151 1140 285 1192 ceps
320 1125 482 1177 etiam
515 1126 793 1196 sociusque
830 1125 1092 1195 placuisti.
1140 1127 1276 1177 Nam
1311 1126 1571 1180 successor
1597 1165 1619 1193 ,

149 1198 375 1251 etiamsi
412 1200 554 1252 nolis
580 1240 595 1264 ‚
632 1201 901 1253 habendus
935 1199 1052 1259 est·,
1087 1215 1202 1250 non
1235 1196 1310 1250 est
1345 1201 1622 1254 habendus

150 1272 337 1331 socius
361 1309 375 1329 ,
407 1273 512 1325 nisi
548 1273 707 1327 velis.
754 1276 1053 1327 Credentne
1088 1270 1286 1341 posteri
1307 1311 1322 1336 ,
1349 1273 1619 1341 patricio,

152 1345 212 1398 δι
232 1346 536 1410 consulari,
563 1348 615 1400 &
635 1347 945 1416 triumphali
969 1362 1117 1416 patre
1138 1345 1380 1416 genitum
1403 1386 1418 1410 ‚
1446 1360 1621 1416 quum'

149 1418 516 1474 fortissimum
546 1460 559 1485 ,
609 1421 1035 1475 amantissimum
1079 1420 1156 1472 sui
1197 1419 1496 1473 exercitum
1528 1439 1619 1474 re·

149 1508 311 1562 geret
339 1532 356 1558 ,
397 1494 777 1563 imperatorem
825 1512 938 1547 non
985 1495 1048 1546 ab
1094 1493 1336 1546 exercitu
1371 1494 1567 1548 fastum
1589 1498 1619 1548 ἔ

148 1567 365 1632 eidem,
398 1585 558 1636 quum
589 1569 894 1622 Germaniae
926 1569 1235 1637 praesideret
1255 1605 1271 1630 ,
1299 1566 1621 1622 Germanici

150 1657 363 1693 nomen
397 1642 523 1694 hinc
546 1642 754 1695 miffum
777 1645 798 1695 ,²
824 1642 958 1694 nihil
990 1641 1162 1709 ipsum
1184 1679 1200 1704 ,
1231 1654 1292 1692 ut
1320 1639 1619 1709 imperator

147 1712 313 1768 fieret
333 1755 349 1779 ‚
390 1714 602 1785 agitaffe
622 1757 639 1781 ‚
679 1716 812 1768 nihil
850 1715 1028 1769 fecisse
1052 1753 1068 1778 ,
1104 1713 1210 1766 nisi
1243 1711 1390 1782 quod
1413 1715 1619 1768 meruit.

149 1789 207 1842 &
243 1789 468 1858 paruit?
508 1789 726 1842 Paruisti
757 1789 902 1842 enim
929 1829 944 1850 ‚
979 1789 1151 1841 Caesar
1173 1827 1187 1851 ‚
1227 1788 1279 1840 &
1310 1789 1375 1839 ad
1412 1788 1618 1856 princi·

146 1880 342 1933 patum
377 1864 638 1933 obsequio
670 1863 999 1932 pervenisti3
1035 1863 1277 1930 nihilque
1303 1863 1474 1933 magis
1498 1881 1526 1915 a
1560 1878 1617 1916 te

145 1937 381 2002 subjecti
414 1938 596 1991 animo
632 1938 828 1991 facium
851 1936 924 1990 est
946 1976 960 2000 ‚
986 1936 1145 2006 quam
1171 1934 1318 2005 quod
1352 1935 1619 2005 imperare

146 2012 392 2081 coepisti.
429 2013 547 2065 Jam
582 2013 756 2064 Caesar
780 2052 795 2075 ‚
834 2010 940 2075 jam
977 2011 1303 2079 imperator,
1342 2007 1449 2076 jam
1477 2011 1621 2065 Ger·

145 2086 402 2139 manicus
423 2125 438 2149 ‚
477 2086 660 2138 absens
692 2087 744 2140 ,ἃ
781 2086 995 2154 ignarus
1020 2124 1033 2147 ‚
1073 2084 1125 2135 δι
1167 2081 1285 2151 post
1320 2095 1467 2135 tanta
1509 2101 1618 2138 κιο·-ι

145 2161 303 2213 mina
329 2200 346 2224 ‚
388 2174 645 2228 quantum
682 2161 747 2212 ad
782 2174 836 2211 te
865 2158 1137 2227 pertinet,
1173 2156 1435 2225 privatus.
1489 2159 1619 2211 Ma-

143 2252 321 2306 gnum
355 2235 631 2285 videretur
656 2272 671 2295 ‚
712 2231 758 2285 si
781 2234 1010 2284 dicerem
1035 2269 1050 2294 ‚
1087 2229 1311 2282 Nescisti
1349 2244 1403 2283 te
1439 2231 1617 2301 impe-

143 2323 395 2362 ratorem
452 2307 732 2360 futurum:
780 2323 894 2359 eras
946 2305 1239 2372 imperator
1260 2344 1274 2367 ‚
1324 2305 1377 2356 δι
1417 2303 1521 2358 effe
1559 2320 1619 2361 te

142 2383 449 2440 nesciebas.
506 2382 583 2432 Ut
618 2378 753 2432 vero
792 2381 856 2431 ad
896 2394 949 2431 te
990 2379 1217 2431 fortunae
1256 2392 1358 2430 tuae
1391 2379 1618 2434 nuntius

142 2456 312 2510 venit
338 2494 355 2518 ,
395 2455 626 2506 malebas
667 2454 883 2522 quidem
921 2453 1029 2503 hoc
1067 2449 1169 2503 ess‘e
1212 2453 1359 2519 quod
1400 2452 1574 2505 fueras
1597 2491 1616 2519 ,

141 2533 240 2584 sed
261 2545 382 2582 non
403 2542 514 2580 erat
533 2528 777 2579 liberum.
805 2528 890 2577 An
913 2542 1026 2578 non
1064 2524 1427 2593 obsequereris
1460 2525 1620 2578 Prin-

137 2604 265 2673 cipi
292 2602 436 2656 civis
459 2640 473 2663 ‚
498 2604 701 2670 legatus
742 2598 1093 2668 imperatori,
1133 2596 1275 2650 filius
1307 2598 1481 2665 patri?
1506 2599 1617 2653 Ubi

137 2680 351 2733 deinde
383 2674 659 2743 disciplina
680 2676 700 2726 ἓ
725 2674 813 2725 ubi
839 2690 960 2726 mos
985 2690 1015 2724 a
1038 2670 1329 2737 majoribus
1358 2672 1617 2738 traditus,

139 2753 540 2823 quodcumque
565 2749 854 2815 imperator
874 2763 1066 2799 munus
1094 2744 1395 2814 iniungeret
1414 2785 1430 2809 ,
1456 2764 1617 2815 aequo

137 2826 346 2880 animo
370 2837 664 2892 paratoque
688 2821 986 2874 subeundi?
1034 2819 1179 2886 Quid
1214 2819 1360 2872 enim
1398 2819 1447 2872 si
1483 2837 1617 2889 pro-

137 2898 368 2955 vincias
397 2913 470 2952 ex
492 2893 793 2966 provinciis
813 2934 830 2963 ‚
860 2912 933 2950 ex
957 2894 1113 2949 bellis
1140 2894 1277 2948 bella
1300 2895 1573 2949 mandaret
1592 2897 1617 2949 3

1263 2966 1320 3035 Q
