1951 3720
374 343 1277 415 EPJSTOLAE.Lib.V.
1422 364 1557 439 139

114 482 210 534 que
241 463 533 519 inciderint
552 506 567 528 ‚
607 465 752 518 oculi
774 462 1102 519 reficientur.
1150 466 1379 519 villain
1416 468 1560 522 colle

113 539 220 592 imo
261 540 366 593 sita
406 539 667 609 prospicit
702 539 853 608 quasi
888 556 959 592 ex
991 540 1236 593 summo:
1264 541 1338 592 ita
1368 542 1565 593 leniter

117 612 166 664 &
185 613 386 666 sensim
408 653 423 676 ‚
462 614 611 665 clivo
641 614 856 665 fallente
882 652 897 675 ‚
934 613 1208 682 consurgit
1233 653 1248 677 ,
1290 629 1352 665 ut
1394 631 1561 682 quum

116 688 423 740 adscendere
455 703 510 738 te
529 693 658 737 'non
682 701 836 754 putes
857 726 874 749 ‚
904 687 1097 738 sentias
1133 687 1467 740 adscendisse.
1512 689 1562 740 A

116 772 257 829 tergo
281 760 631 827 Apenninum
652 799 667 822 ‚
702 761 791 811 sed
807 759 1024 829 longius
1048 761 1223 813 habet.
1261 760 1478 829 Accipit
1496 762 1566 815 ab

115 832 211 884 hoc
239 850 394 885 auras
426 834 721 901 quamlibet
744 834 931 886 sereno
958 835 1011 885 &
1043 833 1254 901 placido
1284 834 1368 886 die
1390 874 1410 899 ‚
1448 849 1566 887 non

116 918 283 957 tamen
311 923 459 959 acres
488 908 541 959 &
572 906 887 958 immodicas
909 945 928 970 ‚
950 906 1041 959 sed
1068 907 1242 975 spatio
1267 906 1387 975 ipso
1409 907 1565 962 laffas

118 979 167 1030 &
188 979 447 1034 infr-adias,
493 980 694 1048 Magna
734 980 815 1032 sui
850 995 998 1048 parte
1021 981 1298 1032 meridiem
1321 981 1522 1049 speetat
1542 1022 1564 1049 ‚

115 1050 462 1121 aestivumque
487 1053 657 1104 solem
690 1054 752 1104 ab
786 1054 920 1104 hora
941 1053 1088 1105 sexta
1112 1092 1126 1116 ,
1159 1054 1437 1107 hibernum
1469 1057 1565 1108 ali·

117 1124 308 1193 quanto
348 1126 651 1189 maturius,
690 1126 844 1194 quasi
873 1125 1070 1178 invitat
1098 1126 1159 1178 in
1187 1127 1456 1195 porticum
1481 1132 1565 1181 la-

116 1213 212 1251 tam
241 1239 256 1263 ‚
291 1200 348 1252 δι
398 1199 779 1267 prominulam.
830 1200 1006 1251 Multa
1041 1198 1100 1250 in
1147 1201 1247 1251 hac
1287 1203 1564 1263 membra·,

116 1273 299 1325 atrium
321 1274 496 1325 etiam
519 1290 591 1324 ex
626 1290 778 1324 more
807 1287 1076 1326 veterum.
1114 1275 1259 1325 Ante
1293 1274 1566 1341 porticum

71 1349 94 1368 ³
116 1346 289 1415 xystus
324 1346 594 1399 concisus·
618 1346 680 1397 in
712 1345 968 1415 plurimas
1005 1346 1243 1414 species,
1277 1346 1571 1400 diffluant·

116 1436 211 1488 que
255 1422 453 1479 buxo·,
487 1418 735 1479 demiflus
772 1420 895 1472 inde
924 1421 1231 1490 pronusque
1268 1421 1525 1488 pulvinus
1542 1423 1569 1486 3

115 1493 196 1546 cui
241 1493 530 1546 bestiarum
576 1493 776 1563 effigies
815 1492 1051 1545 invicem
1100 1493 1342 1546 adversas
1390 1496 1564 1549 buxus

115 1565 406 1636 inscripsit.
451 1568 721 1619 Acanthus
756 1568 815 1619 in
850 1569 1018 1636 plano
1041 1567 1227 1619 mollis
1249 1606 1267 1629 ‚
1299 1570 1352 1621 &
1377 1608 1397 1631 ,
1425 1581 1564 1637 pene

114 1640 340 1700 dixerim
363 1681 382 1705 ‚
412 1640 669 1709 liquidus,
691 1640 874 1692 Ambit
893 1642 1037 1692 hunc
1054 1642 1344 1692 ambulatio
1364 1641 1567 1710 pressis

116 1713 373 1784 varieque
403 1714 582 1766 tonsis
599 1713 863 1767 viridibus
886 1713 1119 1766 inclusa:
1145 1716 1209 1765 ab
1227 1714 1310 1765 his
1345 1714 1566 1783 gestatio

117 1787 171 1840 in
199 1791 427 1842 modum
447 1788 612 1851 circi,
645 1805 764 1856 qua
796 1790 1000 1841 buxum
1024 1787 1407 1840 multiformem
1428 1826 1443 1852 ‚
1471 1789 1569 1841 hm

119 1862 375 1932 milesque
415 1863 470 1915 &
507 1877 737 1915 retentas
774 1879 935 1914 manu
963 1862 1258 1914 arbusculas
1295 1863 1568 1918 circumit.

122 1936 314 1989 Omnia
358 1935 589 1987 maceria
625 1936 972 1988 muniuntur:
1000 1936 1136 1987 hanc
1160 1937 1368 2005 gradata
1386 1937 1569 1991 buxus

119 2009 287 2077 operit
330 2010 388 2062 8(
418 2008 692 2061 subtrahit.
733 2008 950 2060 Pratum
970 2008 1093 2061 inde
1118 2010 1444 2064 nonninus
1470 2018 1569 2064 nai-

122 2083 229 2135 mra
268 2123 285 2147 ‚
331 2081 496 2151 quam
554 2081 827 2150 superiora
880 2081 974 2135 illa
1024 2096 1135 2135 arte
1172 2123 1188 2146 ,
1235 2083 1513 2136 visendum
1550 2104 1571 2140 ε

117 2157 284 2225 mpi
341 2156 536 2209 deinde
572 2153 742 2224 porro
779 2195 798 2220 ,
848 2158 1120 2225 multaque
1165 2157 1268 2210 alia
1308 2174 1459 2225 prata
1512 2160 1571 2212 ἃ.

117 2231 335 2284 arbusta.
380 2231 431 2282 A
464 2231 637 2298 capite
680 2229 919 2298 porticus
954 2230 1250 2283 triclinium
1290 2231 1569 2294 excurrit,
1549 2252 1562 2264 ·

119 2304 293 2357 valvis
333 2303 555 2373 xystum
574 2302 941 2368 desinentem
965 2304 1018 2354 &
1048 2303 1295 2373 protinus
1323 2321 1566 2374 pratum,

121 2381 456 2446 multumque
486 2377 624 2429 ruris
641 2377 791 2429 videt
808 2376 1077 2436 fenestris3
1113 2379 1210 2430 hac
1228 2380 1365 2432 latus
1386 2380 1575 2450 xysti

121 2450 171 2503 δι
198 2453 351 2521 quod
379 2449 598 2519 prosilit
624 2451 808 2512 villae,
844 2452 942 2503 hac
977 2449 1259 2516 adjacentis
1289 2453 1571 2524 hypodro-

119 2524 190 2575 mi
213 2542 409 2577 nemus
436 2523 720 2593 comasque
744 2524 1063 2593 Ρτοΐρεᾶιτ.
1108 2527 1308 2577 Contra
1339 2529 1568 2579 mediam

117 2596 223 2651 fere
283 2597 563 2666 porticum
611 2598 766 2649 diaeta
824 2598 1045 2666 paulum
1102 2600 1345 2660 recedit3
1400 2600 1573 2669 cingit

119 2673 353 2724 areolam
379 2711 395 2735 ‚
429 2688 547 2739 quae
573 2686 799 2739 quatuor
828 2671 1054 2740 platanis
1092 2671 1434 2726 inumbratur.
1476 2675 1571 2725 ln-

119 2758 195 2796 ter
221 2746 323 2796 has
362 2760 670 2797 marmoreo
692 2746 839 2797 labro
869 2761 1006 2813 aqua
1033 2748 1268 2799 exundat
1289 2784 1304 2809 ,
1336 2748 1571 2799 circum-

118 2814 382 2886 jeQasque
419 2819 697 2886 platanos,
738 2819 790 2871 δε
825 2817 1052 2882 subjecta
1076 2819 1301 2885 platanis
1343 2819 1451 2872 leni
1476 2820 1575 2871 ad·-

120 2891 365 2961 {pergine
406 2893 581 2944 fovet.
634 2889 718 2942 Est
753 2890 811 2942 in
857 2892 962 2945 hac
999 2892 1152 2945 diaeta
1188 2892 1569 2946 dormitorium

120 2965 423 3020 cubiculum
442 3004 462 3029 ,
485 2965 634 3036 quod
648 2964 790 3020 diem
805 3004 822 3032 ,
840 2966 1129 3021 clamorem
1144 3004 1161 3033 ,
1179 2967 1368 3022 sonum
1386 2968 1572 3021 exclu-
