1951 3720
420 330 560 425 388
719 332 1552 405 Panis-cerateas

405 454 692 509 obvenerit
717 495 732 519 ,
752 456 962 509 securus
997 456 1185 508 habeat
1212 454 1525 526 quietusque
1558 450 1807 524 possideati

404 526 479 584 Ea
511 532 602 580 lex
630 529 903 582 vicesimae
938 529 1075 581 dista
1106 529 1179 581 est
1199 568 1213 593 ,
1237 545 1296 581 ut
1326 531 1389 580 ad
1419 529 1694 598 periculum
1720 526 1807 592 eius

405 601 719 669 perveniri,
760 602 865 654 nisi
911 602 1148 669 opibus,
1184 620 1297 654 non
1345 603 1537 670 possit.
1583 601 1808 654 Conversa

402 673 478 727 est
511 674 767 743 iniquitas
789 675 844 726 in
868 673 1280 744 gratulationem
1297 714 1311 738 ,
1336 674 1525 739 injuria
1552 674 1608 726 in
1623 688 1808 726 votum:

406 762 563 816 optat
600 750 751 801 heres
793 764 852 800 ut
896 748 1215 802 vicesimam
1254 750 1458 801 debeat.
1496 748 1726 800 Additum
1756 744 1810 797 est

404 835 467 881 ut
491 858 506 883 ,
547 822 639 888 qui
687 820 948 881 eiusmodi
989 838 1062 873 ex
1097 821 1269 874 causis
1306 821 1364 872 in
1399 821 1541 873 diem
1572 818 1718 873 'edim
1743 817 1810 870 vi·

403 892 660 961 cesimam
687 896 950 946 deberent
973 929 1011 958 ,-
1029 896 1268 946 nondum
1310 909 1496 947 tamen
1529 890 1810 955 intuliffent,

404 983 520 1027 non
564 968 836 1019 inferrent.
878 968 949 1019 At
996 967 1055 1019 in
1097 966 1426 1035 praeteritum
1475 965 1734 1020 subvenire
1762 979 1811 1016 ne

401 1040 481 1098 dii
513 1041 726 1106 quidem
760 1038 973 1107 poffunt
1000 1059 1013 1092 ε
1040 1054 1099 1091 tu
1134 1055 1315 1092 tamen
1343 1039 1662 1102 subvenisti,
1678 1036 1814 1090 cavis·

404 1113 555 1180 tique
595 1128 655 1164 ut
696 1114 962 1165 desineret
1001 1114 1221 1182 quisque
1262 1115 1449 1166 debere
1498 1153 1514 1177 ,
1568 1115 1699 1181 quod
1729 1126 1812 1163 non

404 1184 538 1238 effer
569 1185 748 1253 postea
785 1186 1097 1251 debiturus,
1116 1187 1171 1238 id
1201 1185 1312 1250 est,
1334 1185 1558 1240 effecisti
1593 1202 1656 1239 ne
1683 1186 1813 1237 malos

411 1252 691 1327 Principes
728 1258 1117 1312 habuiffemus·
1144 1277 1254 1328 quo
1297 1259 1564 1330 ingenie,
1596 1259 1642 1312 si
1672 1272 1813 1310 natura

411 1348 719 1416 pateretur,
754 1332 911 1402 quam
953 1333 1179 1386 libenter
1218 1347 1302 1385 tot
1333 1334 1615 1400 spoliatis,
1636 1348 1709 1384 tot
1739 1346 1815 1381 tru-

405 1404 594 1461 cidatis
634 1406 943 1475 sanguinem
988 1407 1041 1461 δι
1085 1408 1224 1459 bona
1265 1405 1539 1459 refudiffes
1580 1411 1593 1459 ἔ
1628 1402 1812 1457 Vetuisti

411 1478 595 1548 exigi,
614 1481 757 1548 quod
778 1478 956 1532 deberi
979 1496 1089 1532 non
1114 1496 1208 1531 tuo
1231 1478 1408 1534 seculo
1429 1494 1678 1548 coeperat.
1699 1476 1815 1529 Alius

411 1566 473 1603 ut
509 1553 908 1605 contumacibus
940 1552 1287 1614 irasceretur,
1313 1553 1708 1635 tarditatemque
1734 1549 1816 1601 sol-

411 1625 579 1677 vendi
602 1627 749 1695 dupli
773 1629 860 1678 vel
885 1625 1047 1678 etiam
1072 1626 1367 1709 quadrupli
1375 1627 1696 1696 irrogatione
1716 1622 1817 1676 mul·

413 1697 579 1753 &aret
621 1719 635 1753 ε
673 1714 730 1750 tu
773 1700 907 1754 nihil
957 1699 1152 1751 referre
1200 1698 1506 1767 iniquitatis
1554 1697 1815 1757 existimas,

414 1772 599 1843 exigas
641 1774 786 1841 quod
825 1772 1004 1825 deberi
1045 1789 1159 1828 non
1194 1774 1539 1841 oportuerit,
1575 1789 1639 1825 an
1670 1767 1814 1823 consti·

418 1859 536 1899 tuas
569 1862 628 1902 ut
667 1847 930 1900 debeatur.

425 1975 430 1978 v
490 1919 632 1973 XLI.
672 1922 827 1973 Feres
848 1960 864 1984 ,
906 1920 1113 1984 Caesar,
1142 1937 1320 1973 curam
1353 1922 1411 1976 ὅ(
1450 1918 1815 1974 sollicitudinem

415 1993 766 2052 consularem.
824 1995 962 2048 Nam
1013 1994 1147 2046 mihi
1198 1994 1460 2063 cogitanti
1514 1996 1740 2047 eumdem
1779 2005 1815 2041 te

331 2067 334 2068 ⁷
415 2066 735 2126 collationes
756 2066 1014 2123 remisifl'e
1030 2108 1044 2130 ‚
1068 2066 1384 2121 donativum
1408 2067 1681 2124 reddidisse
1697 2105 1710 2128 ,
1727 2079 1818 2117 con·

416 2140 646 2210 giarium
681 2139 928 2192 obtuliffe
954 2180 968 2203 ,
989 2142 1250 2195 delatores
1289 2141 1517 2209 abegiffe
1537 2181 1555 2206 ,
1584 2136 1815 2208 veffigafia

417 2211 729 2281 temperaffe
750 2231 766 2273 3
792 2212 1196 2284 interrogandus
1232 2213 1435 2266 videris
1457 2254 1473 2278 ‚
1500 2214 1683 2266 satisne
1703 2224 1817 2264 com·

418 2286 696 2354 putaveris
738 2287 951 2355 imperii
993 2289 1233 2345 reditus·,
1263 2304 1331 2338 an
1370 2301 1545 2352 tantas
1583 2287 1718 2339 vires
1749 2285 1817 2335 ha·

419 2359 542 2412 beat
577 2359 847 2427 frugalitas
879 2359 1177 2429 Principis,
1213 2373 1272 2411 ut
1304 2374 1388 2411 tot
1417 2360 1734 2428 impendiis,
1758 2368 1817 2408 tot

418 2432 821 2516 erogationibus
851 2434 965 2485 sola
997 2433 1232 2486 sufficiat.
1257 2434 1396 2489 Nam
1436 2434 1568 2502 quid
1598 2432 1669 2486 est
1693 2428 1818 2485 causae

420 2522 515 2565 cur
560 2505 676 2562 aliis
719 2507 936 2574 quidem
979 2545 993 2570 ,
1045 2523 1209 2575 quum
1250 2506 1434 2558 omnia
1476 2520 1746 2576 raperent,
1778 2502 1818 2553 ἃ

393 2594 570 2648 -tapta
607 2578 944 2644 retinerent,
981 2595 1042 2631 ut
1083 2580 1132 2632 si
1170 2579 1305 2631 nihil
1352 2579 1683 2647 rapuissent,
1716 2573 1819 2629 nihil

419 2650 793 2717 retinuiss‘ent,
832 2652 1093 2706 defuerint
1132 2653 1348 2708 omnia·
1338 2688 1354 2716 ,
1391 2653 1488 2705 tibi
1513 2692 1530 2717 ,
1551 2670 1709 2722 quum
1739 2664 1817 2701 tam

421 2728 589 2786 multa
623 2724 901 2795 largiaris,
939 2743 1039 2785 nec
1079 2727 1279 2783 auferas
1319 2726 1644 2794 quidquam,
1678 2719 1819 2777 omnia

420 2800 731 2868 supersint?
751 2800 1055 2868 Numquam
1079 2798 1410 2867 Principibus
1433 2800 1706 2851 defuerunt
1721 2791 1821 2862 ,qui

421 2872 600 2930 fronte
634 2870 784 2941 gravi
823 2872 875 2923 δι
909 2872 1044 2925 tristi
1078 2872 1361 2943 supercilio
1391 2872 1706 2925 utilitatibus
1735 2864 1820 2946 fisci

423 2943 807 3016 contumaciter
840 2945 1116 3017 adeffent,
1158 2947 1213 3004 δι
1253 2959 1403 3003 erant
1440 2944 1708 3015 Principes
1740 2954 1821 3011 ²9⁸⁸
