1951 3720
306 282 394 377 56
638 282 884 349 CAII
963 280 1385 350 PLINII

297 396 584 450 includitur
605 403 826 470 angulus
847 437 862 460 ‚
897 397 990 466 qui
1009 398 1352 466 purissimum
1373 401 1541 453 solem
1566 396 1751 452 conti-

298 486 390 523 net
429 473 481 523 &
517 473 773 526 accendit.
813 471 933 522 Hoc
967 472 1365 525 hibernaculum
1390 513 1405 536 ‚
1436 475 1541 526 hoc
1577 473 1747 524 etiam

299 544 640 613 gymnasium
663 561 907 598 meorum
925 543 1017 598 est.
1053 544 1132 596 Ibi
1165 562 1353 598 omnes
1374 547 1533 598 silent
1549 545 1708 597 venti
1730 583 1749 608 ‚

299 618 540 686 exceptis
573 618 665 686 qui
685 618 923 670 nubilum
937 616 1190 669 inducunt
1206 657 1226 682 ,
1246 620 1298 670 δι
1316 620 1558 671 serenum
1582 617 1708 670 ante
1728 652 1745 678 ‚

303 688 465 757 quam
486 691 636 743 usum
661 691 769 743 loci
788 689 1039 758 eripiunt.
1061 691 1370 744 Adnedtitur
1389 694 1584 761 angulo
1605 690 1752 742 cubi-

303 764 481 814 culum
519 763 577 815 in
605 765 784 832 apsida
819 778 1095 816 curvatum
1117 803 1135 827 ,
1161 766 1305 832 quod
1339 764 1595 816 ambitum
1614 763 1751 815 solis

303 835 540 888 fenestris
578 837 824 890 omnibus
855 836 1107 904 sequitur.
1130 836 1327 889 Parieti·
1344 836 1457 902 eju-s
1480 837 1538 888 in
1556 836 1753 888 biblio·

220 936 231 942 «
305 909 471 960 thecae
502 910 731 977 speciem
757 910 1038 962 armarium
1059 909 1310 962 insertum
1337 910 1438 973 est,
1467 907 1612 978 'quod
1634 925 1753 960 non

304 983 560 1050 legendos
590 983 760 1034 libros
781 1022 796 1046 ‚
831 983 918 1034 sed
952 983 1264 1035 lectitandos
1302 983 1459 1051 capit.
1503 983 1754 1034 Adhaeret

305 1053 684 1107 dormitorium
728 1056 1061 1118 membrum,
1094 1056 1321 1108 transitu
1362 1053 1709 1120 interjacente
1738 1093 1755 1117 ‚

308 1128 402 1196 qui
438 1128 712 1196 suspensus
748 1130 800 1180 δι
828 1130 1095 1180 tubulatus
1133 1143 1451 1196 conceptum
1487 1144 1764 1196 vaporem

309 1201 503 1253 salubri
537 1215 959 1269 temperamento
981 1202 1084 1252 huc
1115 1201 1241 1253 illuc
1273 1200 1463 1271 digerit
1488 1202 1541 1254 &
1565 1200 1755 1252 minis-

311 1287 435 1327 trat.
475 1274 701 1343 Reliqua
732 1291 850 1343 pars
883 1275 1064 1326 lateris
1092 1274 1248 1340 hujus
1286 1275 1562 1326 servorum
1599 1266 1762 1326 liber·-

311 1360 599 1415 torumque
634 1348 815 1399 usibus
840 1347 1141 1411 detinetur,
1171 1347 1436 1416 plerisque
1469 1361 1579 1398 tam
1604 1363 1762 1398 mun·

311 1419 393 1473 dis
420 1459 435 1483 ‚
475 1435 533 1471 ut
558 1421 793 1488 accipere
823 1420 1059 1488 hospites
1096 1421 1325 1488 possint.
1363 1421 1443 1472 Ex
1462 1421 1570 1472 alio
1589 1422 1757 1475 latere

314 1492 614 1545 cubiculum
641 1492 714 1544 est
751 1493 1139 1560 politissimum
1163 1532 1176 1556 ,
1214 1494 1400 1545 deinde
1429 1497 1520 1545 vel
1552 1493 1762 1546 cubicu-

315 1567 430 1618 lum
467 1568 659 1635 grande
680 1605 695 1629 ‚
725 1568 817 1618 vel
851 1566 1061 1618 modica
1083 1566 1317 1619 coenatio
1340 1605 1355 1628 ‚
1382 1584 1496 1635 quae
1518 1566 1757 1634 plurimo

316 1639 428 1691 sole
451 1679 466 1703 ‚
500 1639 732 1707 plurimo
768 1638 903 1690 mari
939 1641 1100 1692 lucet.
1134 1639 1255 1691 Post
1289 1641 1424 1693 hanc
1461 1640 1763 1691 cubiculum

319 1729 440 1764 cum
462 1727 778 1781 procoetone
794 1752 809 1775 ‚
830 1711 1107 1764 altitudine
1126 1712 1364 1764 aestivum
1380 1751 1394 1775 ,
1409 1712 1761 1766 munimentis

318 1784 632 1838 hibernum:
667 1785 740 1837 est
762 1786 908 1837 enim
936 1785 1243 1838 subductum
1279 1785 1525 1838 omnibus
1558 1785 1761 1840 ventis,

319 1858 464 1911 Huic
494 1858 736 1912 cubiculo
773 1858 915 1911 aliud
935 1898 950 1922 ‚
978 1859 1031 1911 &
1064 1875 1352 1927 procoeton
1375 1858 1647 1912 communi
1668 1876 1765 1926 pa-

322 1931 456 1983 riete
498 1931 804 2001 junguntur.
867 1933 994 1983 Inde
1033 1932 1227 1984 balinei
1268 1934 1398 1985 cella
1441 1932 1711 2001 frigidaria
1748 1949 1763 1996 ‚⁷

321 2004 551 2072 spatiosa
585 2007 636 2057 &
665 2004 825 2057 effusa
850 2044 866 2067 ‚
900 2004 1048 2068 cujus
1073 2004 1131 2055 in
1153 2004 1433 2058 contrariis
1470 2004 1766 2073 parietibus

324 2080 432 2131 duo
473 2077 768 2147 baptisteria
802 2080 955 2130 velut
987 2077 1151 2143 ejecta
1194 2078 1471 2130 sinuantur
1504 2117 1519 2142 ,
1561 2077 1773 2129 abunde

326 2151 535 2217 capacia
560 2190 575 2213 ‚
615 2151 664 2203 si
698 2167 841 2202 mare
879 2150 936 2201 in
977 2150 1235 2218 proximo
1279 2152 1503 2220 cogites.
1548 2149 1772 2215 Adiacet

326 2223 579 2275 unssorio
616 2224 729 2276 imo
765 2222 1177 2292 hypocaustum:
1200 2222 1398 2289 adjacet
1427 2224 1773 2293 propnigeon

327 2296 567 2350 balinei:
608 2314 742 2352 mox
773 2299 886 2348 duae
912 2298 1057 2351 cellae
1099 2296 1265 2365 magis
1302 2299 1567 2366 elegantes
1609 2296 1772 2365 quam

329 2369 668 2437 sumptuosae.
710 2371 954 2422 Cohaeret
986 2369 1147 2421 calida
1185 2369 1386 2436 piscina
1411 2367 1636 2423 mirifice
1657 2409 1673 2432 ,
1700 2386 1776 2421 ex

331 2460 435 2512 qua
457 2456 695 2495 natantes
727 2460 868 2494 mare
899 2443 1212 2510 adspiciunt.
1254 2444 1363 2495 Nec
1400 2444 1587 2509 procul
1610 2443 1777 2510 sphae-

240 2555 247 2565 .
331 2514 594 2570 risterium
619 2554 634 2577 ‚
673 2518 816 2583 quod
846 2515 1297 2568 calidissimo'soli
1320 2554 1335 2578 ‚
1372 2515 1630 2568 inclinato
1667 2514 1775 2579 jam

334 2589 422 2641 die
444 2627 457 2651 ,
484 2588 738 2644 occurrit*
758 2589 898 2640 Hinc
920 2589 1078 2640 turris
1103 2587 1323 2657 erigitur
1338 2628 1352 2651 ,
1375 2588 1466 2639 sub
1486 2604 1587 2655 qua
1605 2587 1778 2640 diaetae

335 2664 490 2720 duae3
522 2660 746 2712 totidem
778 2661 834 2711 in
867 2661 980 2728 ipsa
1013 2680 1025 2712 ε
1070 2675 1319 2727 praeterea
1360 2660 1587 2714 coenatio
1609 2699 1623 2723 ,
1658 2678 1777 2729 quae

334 2733 659 2787 latissimum
693 2751 833 2786 mare
857 2773 872 2796 ‚
905 2732 1282 2802 longissimum
1315 2734 1463 2786 littus
1486 2772 1501 2796 ,
1526 2733 1780 2785 amoenis-

339 2806 500 2861 simas
537 2806 695 2874 villas
725 2805 1000 2874 prospicit.
1043 2804 1125 2855 Est
1163 2806 1230 2856 δε-
1249 2806 1349 2857 alia
1379 2806 1571 2857 turris:
1599 2805 1658 2857 in
1680 2807 1783 2859 hac

342 2880 638 2940 cubiculum
661 2920 675 2944 ,
726 2880 782 2931 in
827 2895 935 2949 quo
977 2879 1057 2934 sol
1104 2877 1331 2931 nascitur
1383 2877 1742 2951 conditurque
1759 2896 1784 2940 ⁶»
