1951 3720
409 305 549 400 306
713 303 984 373 CAII
1057 304 1490 376 ΡιιΝιι

337 420 358 433 ”
583 425 757 481 XXI.
810 428 1237 482 Tnnsnnus
1288 429 1567 482 Ptnuo
1606 430 1659 483 S.

399 521 497 611 E
518 566 553 602 1·
591 551 707 602 civis
754 551 800 602 δ’
842 549 1083 619 senatoris
1133 554 1247 605 boni
1280 553 1495 622 partibus
1529 552 1709 621 fluidus
1741 572 1813 613 es,

396 622 663 694 obsequium
703 626 980 693 amplissimi
1015 629 1195 678 ordinis
1216 662 1233 687 ,
1264 630 1391 695 quod
1411 626 1659 694 justissimi
1688 628 1813 696 exige·

397 698 480 749 bat
504 734 518 758 ,
555 698 836 765 praestando.
887 699 1022 772 Quas
1055 718 1221 769 partes
1264 702 1564 772 impleturum
1601 717 1646 752 te
1675 696 1814 769 secun-

400 773 508 822 deim
530 769 793 840 susceptam
816 773 967 841 fidem
992 775 1203 844 confido.

399 891 614 945 xx11.
668 891 1002 945 Fuluus
1053 893 1430 946 TRAJAno
1483 892 1814 947 Iuram&

522 990 644 1060 Agit
679 991 879 1060 gratias.
919 992 1008 1041 De
1043 993 1131 1040 laec
1170 992 1216 1041 6·
1241 989 1459 1060 sequent.
1489 1008 1568 1060 ep.
1605 989 1721 1044 Vide

916 1084 1065 1155 suprei
1097 1102 1154 1149 4.
1199 1088 1245 1136 θ
1290 1102 1339 1153 5.

401 1171 496 1267 A
518 1222 614 1262 Go
655 1208 845 1279 gratias
871 1249 888 1273 ‚
931 1209 1210 1275 Domine,
1254 1208 1400 1279 quod
1444 1211 1498 1262 ὅτ
1536 1209 1619 1276 ius
1666 1207 1820 1276 Quiri-

395 1281 533 1335 tium
575 1283 778 1335 libertis
819 1282 1115 1335 neceffariae
1156 1283 1291 1335 mihi
1339 1284 1558 1337 feminae
1580 1324 1595 1347 ‚
1636 1285 1687 1336 δι
1718 1282 1822 1335 civi·

394 1369 559 1408 tatem
586 1358 883 1409 Romanam
924 1357 1244 1425 Harpocrati
1280 1356 1564 1426 iatraliptae
1589 1375 1708 1409 meo
1730 1357 1820 1409 sine

395 1445 548 1481 mora
586 1429 864 1481 indulsisti.
909 1430 1013 1482 Sed
1057 1446 1221 1498 quum
1262 1445 1432 1484 annos
1479 1428 1596 1496 ejus
1637 1432 1686 1483 &
1723 1445 1821 1481 cen·

395 1501 512 1554 sum
532 1542 547 1565 ,
572 1503 711 1554 sicut
731 1519 1057 1570 praeceperas
1084 1542 1099 1565 ,
1130 1505 1342 1555 ederem
1365 1543 1379 1568 ‚
1402 1505 1705 1557 admonitus
1733 1504 1820 1554 sum

398 1591 430 1627 a
453 1575 796 1643 peritioribus
828 1573 1060 1628 debuiffe
1094 1592 1180 1628 me
1204 1575 1327 1629 ante
1355 1577 1407 1629 ei
1438 1577 1821 1630 Alexandrinam

400 1647 677 1701 civitatem
720 1649 1006 1716 impetrare
1033 1689 1048 1713 ,
1089 1650 1282 1703 deinde
1321 1651 1623 1703 Romanam
1655 1691 1669 1716 ‚
1710 1666 1824 1718 quo·
1878 1684 1879 1689 =

402 1721 547 1774 niam
587 1721 713 1775 effer
754 1723 1059 1792 AEgyptiuS.
1117 1724 1230 1792 Ego
1280 1739 1458 1777 autem
1487 1763 1505 1788 ‚
1555 1725 1678 1793 quia
1717 1724 1826 1775 inter

399 1796 688 1867 AEgyptios
716 1836 730 1862 ,
773 1799 1086 1870 ceterosque
1124 1798 1438 1868 peregrinos
1463 1837 1477 1863 ,
1520 1799 1658 1851 nihil
1691 1797 1826 1849 inter-

400 1869 505 1922 ess'e
567 1873 840 1923 credebam
877 1909 894 1934 ,
938 1886 1222 1923 contentus
1276 1873 1478 1925 fueram
1528 1874 1639 1926 hoc
1686 1872 1826 1924 solum

396 1942 621 1996 scribere
669 1943 767 1995 tibi
792 1983 808 2007 ‚
851 1961 974 1996 eum
1023 1944 1224 1997 scilicet
1272 1962 1302 1996 a
1339 1946 1625 2015 peregrina
1677 1962 1830 1997 manu·

398 2015 610 2068 miffum
632 2056 648 2080 ‚
675 2033 1061 2086 patronamque
1085 2017 1198 2083 ejus
1219 2016 1533 2090 iampridem
1559 2017 1823 2073 decessiffe.

398 2090 486 2144 De
529 2107 631 2157 qua
662 2091 965 2159 ignorantia
1005 2108 1123 2142 mea
1148 2109 1260 2143 non
1294 2110 1492 2162 queror
1512 2133 1526 2154 ‚
1575 2110 1670 2162 per
1692 2108 1823 2162 quam

403 2161 547 2215 stetit
583 2179 643 2215 ut
683 2163 779 2215 tibi
827 2180 928 2231 pro
978 2166 1168 2216 eodem
1204 2166 1427 2218 homine
1468 2167 1663 2235 saepius
1712 2164 1825 2218 obli·

410 2252 579 2304 gater.
623 2237 781 2305 Rogo
823 2237 1003 2305 itaque
1025 2278 1040 2302 ‚
1082 2253 1144 2290 ut
1183 2238 1447 2292 beneficio
1479 2256 1579 2293 tuo
1618 2237 1826 2310 legitimi:

397 2309 503 2362 frui
527 2310 733 2378 possim
759 2350 773 2374 ‚
813 2313 1009 2365 tribuas
1046 2311 1098 2364 ei
1125 2313 1177 2365 &
1214 2313 1632 2366 Alexandrinam
1657 2312 1823 2365 civita·

404 2396 555 2447 tem,
595 2384 647 2435 ὅ(
679 2386 994 2439 Romanam.
1039 2388 1227 2440 Annos
1266 2387 1381 2450 eius
1408 2388 1460 2439 ὅ(
1499 2388 1717 2440 censum
1740 2388 1827 2454 (ne

403 2456 531 2524 quid
549 2458 722 2509 rursus
737 2458 1119 2528 indulgentiam
1138 2475 1281 2512 tuam
1301 2476 1604 2514 moraretur
1620 2462 1641 2527 )
1656 2457 1828 2513 libertis

403 2529 513 2583 tuis
538 2570 554 2595 ,
587 2533 780 2600 quibus
811 2530 1028 2596 jusseras
1054 2573 1069 2597 ‚
1108 2534 1254 2587 misi.

544 2651 794 2704 XXIII.
849 2653 1273 2706 TRAJANUS
1314 2653 1600 2706 Ptnuo
1642 2655 1696 2707 S.

404 2747 483 2832 C
500 2788 809 2827 IVITATEM
848 2775 1228 2827 Alexandrinam
1251 2811 1265 2835 ,
1304 2774 1558 2843 secundtim
1595 2776 1825 2840 institutio·

404 2866 508 2899 nem
553 2849 823 2916 Principum
863 2884 878 2905 ‚
934 2868 1029 2899 non
1081 2866 1250 2902 temere
1288 2853 1400 2901 dare
1445 2850 1677 2920 proposui
1710 2868 1726 2899 .·
1764 2847 1829 2912 scd

398 2939 536 2991 quum
558 2922 853 2992 Harpocrati
870 2957 888 2983 ,
926 2923 1186 2994 iatraliptae
1211 2939 1324 2984 tuo,
1348 2925 1450 2993 jam
1492 2925 1729 2978 civitatem
1745 2923 1826 2972 Ro·
