1951 3720
372 247 931 320 EptsToLAE.
954 249 1104 321 Lib.
1129 251 1310 323 VII.
1412 270 1547 350 205

127 373 315 425 multos
355 373 602 425 videmus
643 370 906 436 ejusmodi
949 374 1236 427 certamina
1292 374 1392 428 sibi
1431 393 1554 428 cum

125 448 278 498 multa
322 448 474 498 laude
511 444 787 514 sumpsisse
813 485 828 509 ,
868 448 1109 517 quosque
1152 449 1395 517 subsequi
1430 450 1557 503 satis

125 519 365 572 habebant
385 559 401 584 ,
433 521 556 572 dum
583 537 695 571 non
714 520 991 588 desperant
1012 561 1025 584 ,
1059 522 1409 574 antecessiffe.
1448 523 1557 575 Po-

128 594 238 645 teris
260 594 310 645 &
330 610 449 662 quae
468 593 677 646 dixeris
691 633 706 655 ‚
730 593 848 662 post
876 594 1213 647 oblivionem
1241 596 1517 648 retraCtare
1538 635 1559 660 ‚

128 669 276 718 multa
298 666 560 729 retinere,
584 670 734 735 plura
755 668 1011 727 transire}
1037 669 1139 720 alia
1159 668 1524 721 interscribere
1539 707 1560 734 ‚

129 740 214 791 alia
257 739 557 794 rescribere.
597 741 946 793 Laboriosum
982 740 1113 793 istud
1154 743 1207 793 δι
1238 743 1422 794 taedio·
1441 745 1560 810 ple-

130 829 274 875 num,
309 814 399 866 sed
429 814 734 866 difficultate
776 814 890 882 ipsa
928 814 1253 867 fmituosum
1279 856 1293 878 ,
1333 816 1559 868 recales-

133 901 231 938 cere
262 903 331 939 ex
362 887 576 957 integro
598 927 612 949 ,
641 888 691 939 ὃ(
711 888 977 939 resumere
1007 889 1267 956 impetum
1296 889 1519 941 stastum
1543 927 1562 953 ,

135 958 495 1029 omifl'umque3
528 959 800 1028 postremo
830 978 975 1013 nova
1003 964 1155 1013 velut
1183 964 1416 1015 membra
1435 979 1561 1031 per-

134 1032 232 1085 asto
273 1034 494 1103 corpori
541 1034 785 1088 intexere
806 1073 820 1097 ‚
860 1051 960 1086 nec
1006 1049 1185 1086 tamen
1219 1035 1398 1103 priora
1441 1051 1562 1088 tur-

134 1106 251 1238 Βζε.
302 1108 435 1161 Sc'ro
478 1125 619 1160 nunc
659 1107 759 1160 tibi
806 1106 909 1160 effe
957 1109 1284 1176 praecipuum
1332 1108 1561 1161 studium

137 1196 165 1231 ο
213 1181 338 1240 ndi·,
381 1181 474 1235 sed
510 1198 624 1233 uon
673 1181 795 1235 ideo
831 1182 1042 1249 semper
1081 1198 1373 1250 pugnacem
1419 1183 1564 1236 hunc

139 1253 181 1305 &
205 1255 347 1323 quasi
382 1255 723 1309 bellatorium
752 1254 929 1307 stilum
970 1255 1240 1308 suaserim.
1298 1258 1376 1308 Ut
1414 1256 1563 1308 enim

135 1341 264 1380 terrae
300 1328 469 1382 variis
504 1329 827 1397 mutatisque
864 1328 1153 1381 seminibus
1183 1367 1198 1391 ‚
1235 1329 1311 1381 ita
1347 1328 1564 1399 ingenia

136 1401 286 1454 nostra
316 1420 460 1456 nunc
482 1404 609 1465 hae,
635 1419 782 1455 nuuc¹
807 1403 898 1454 illa
933 1402 1283 1455 meditatione
1319 1406 1568 1455 recolun-

138 1488 228 1528 tur.
261 1478 408 1529 Volo
441 1477 708 1529 interdum
744 1477 977 1544 aliquem
1020 1492 1091 1528 ex
1129 1475 1345 1528 historia
1378 1478 1562 1529 locum

137 1551 473 1617 apprehendas
499 1570 513 1603 :
539 1553 675 1603 volo
705 1549 982 1618 epistolam
1007 1548 1311 1619 diligentius
1348 1550 1563 1605 scribas.

136 1622 259 1675 Nam
290 1625 423 1693 saepe
475 1624 534 1676 in
580 1623 854 1676 orationes
897 1639 1112 1692 quoque
1161 1639 1274 1674 non
1317 1622 1566 1676 historica

137 1696 281 1750 modo
301 1737 315 1761 ‚
356 1698 449 1751 sed
477 1695 651 1767 prop'e
680 1695 894 1765 poetica
926 1695 1346 1763 descriptionum
1378 1697 1565 1749 neces·

138 1770 245 1823 sitas
267 1772 491 1832 incidir,
534 1772 588 1823 δι
607 1769 806 1839 preffu’s
826 1770 1001 1822 sermo
1026 1769 1290 1837 purusque
1321 1785 1392 1820 ex
1421 1769 1566 1838 epis-

139 1844 247 1898 tolis
276 1846 496 1914 petitur.
545 1846 642 1899 Fas
685 1844 759 1897 est
799 1839 859 1897 ’δι
896 1845 1130 1896 carmine
1163 1842 1406 1907 remitti,
1451 1859 1566 1895 non

139 1919 246 1971 dico.
268 1919 532 1973 continuo
558 1921 611 1972 &
644 1921 814 1988 longo
839 1920 859 1987 (
887 1917 947 1970 id·
971 1919 1117 1969 enim
1147 1916 1333 1984 perfici
1368 1916 1474 1969 nisi
1505 1917 1566 1970 in

138 1993 239 2045 otio
258 2011 370 2047 non
393 1993 570 2062 potest
594 1993 615 2059 )
646 1993 737 2045 sed
769 1993 873 2045 hoc
896 2006 1090 2062 arguto
1120 1992 1175 2042 δι
1194 1989 1346 2043 brevi
1368 2024 1383 2048 ,
1418 1992 1567 2059 quod

138 2066 240 2134 apte
276 2068 625 2136 quantassibet
664 2065 1046 2134 occupationes
1094 2064 1344 2132 curasque
1383 2063 1566 2115 distin-

140 2140 251 2208 guit.
294 2142 465 2194 Lusus
502 2155 806 2199 vocantur-3
846 2140 934 2192 sed
960 2139 1021 2191 hi
1055 2139 1198 2191 lusus
1236 2154 1349 2188 non
1384 2136 1566 2189 mino-

140 2230 232 2266 rem
251 2216 520 2268 interdum
545 2214 791 2283 gloriam,
812 2212 969 2281 quam
985 2211 1119 2264 seria
1141 2210 1571 2279 consequunture

140 2302 274 2356 atque
304 2291 441 2342 adeo
467 2291 492 2359 (
523 2294 615 2341 cur
635 2287 782 2341 enim
806 2303 858 2341 te
879 2288 945 2342 ad
974 2285 1159 2340 versus
1191 2301 1305 2338 non
1323 2284 1578 2338 versibus

139 2363 365 2416 adhorret
388 2366 411 2416 ἓ

201 2511 265 2563 Ut
289 2512 396 2561 laus
434 2509 500 2572 est
529 2524 644 2558 εει-ιε
663 2541 678 2566 ,
716 2504 876 2557 mollis
906 2501 1159 2571 cedensque
1184 2500 1412 2571 ¹fitquatm·

266 2585 325 2636 si
356 2586 519 2633 dol-'los
557 2582 729 2650 digitos
750 2616 765 2636 ‚
792 2578 1001 2645 juffaque
1027 2578 1126 2647 fiat
1160 2597 1275 2646 opus
1292 2596 1312 2637 3

199 2658 264 2710 Et
286 2676 414 2708 nunc
444 2654 667 2722 informet
696 2654 905 2704 Martem
923 2688 941 2709 ,
968 2653 1195 2715 castamve
1217 2651 1490 2702 Minervam
1511 2685 1535 2712 ,

268 2733 416 2782 Nunc
437 2729 666 2780 Venerem
697 2726 890 2797 effingat
914 2766 928 2789 ,
959 2745 1082 2777 nunc
1107 2724 1162 2775 V
1156 2726 1305 2776 caetis
1330 2743 1522 2793 puerum
1541 2741 1566 2784 ς

204 2805 355 2873 thue
390 2802 520 2870 sacri
540 2802 705 2869 fontes
743 2821 835 2852 non
848 2798 960 2868 fola
988 2800 1205 2850 incendia
1235 2800 1401 2860 ustum
1424 2832 1443 2858 ,

271 2879 407 2948 δεμ
443 2878 586 2930 ceiam
612 2876 765 2946 flores
792 2893 1024 2944 vernaque
1047 2890 1192 2945 prata
1204 2873 1381 2942 juvant
1400 2887 1420 2922 ε
