1951 3720
446 207 1032 275 EPISTOLAE.
1078 207 1223 276 Lib.
1261 207 1339 277 11.
1528 218 1620 304 59

158 325 313 381 enim
351 325 413 378 in
446 327 691 384 summm,
714 324 768 375 &
804 323 1033 376 omnino
1068 324 1266 377 littoris
1302 324 1447 378 illius
1483 328 1625 381 mira

157 416 354 453 natura
387 418 403 453 t
434 415 776 469 quocumque
796 399 923 450 loco
949 399 1192 451 moveris
1225 400 1446 451 humum
1470 439 1487 464 ,
1521 402 1620 454 ob·

155 476 287 528 vius
329 475 388 526 &
424 490 637 542 paratus
662 476 856 524 humor
877 472 1112 524 occurrit
1131 510 1147 534 ‚
1169 472 1317 541 isque
1347 473 1580 528 sincerus
1603 513 1621 540 ,

160 564 220 599 ac
261 551 334 599 ne'
367 549 570 599 leviter
593 547 807 615 quidem
831 546 977 597 tanta
1014 545 1173 598 maris
1197 547 1477 599 vicinitate
1518 547 1620 601 sal·

159 621 265 673 sus·
326 621 637 690 Suggerunt
677 618 879 672 affatim
930 622 1076 688 ligna
1120 620 1386 688 proximae
1425 621 1576 673 silvae
1602 640 1620 674 t

158 709 366 746 ceteras
399 695 589 761 copias
621 693 885 746 Ostiensis
904 693 1120 745 colonia
1150 693 1424 746 ministrat.
1461 695 1620 765 Frugi

160 769 384 836 quidem
418 767 637 819 homini
673 766 860 819 sufficit
899 767 1061 818 etiam
1091 766 1280 830 vicus,
1319 785 1477 836 quem
1513 786 1620 823 una

158 842 293 893 villa
329 840 609 893 discernit.
663 842 727 891 ln
763 841 867 891 hoc
906 841 1112 892 balinea
1153 841 1425 893 meritoria
1474 842 1618 896 tria.

159 931 354 984 magna
379 914 774 976 commoditas,
811 915 858 965 si
896 913 1035 965 forte
1057 914 1322 967 balineum
1355 916 1503 968 domi
1525 919 1620 970 vel

159 987 365 1043 subitus
408 989 676 1039 adventus
707 1026 723 1050 ‚
760 989 851 1038 vel
891 987 1109 1040 brevior
1144 1005 1296 1040 mora
1336 991 1620 1043 calefacere

160 1060 473 1113 diffuadeat.
545 1061 719 1113 Littus
771 1075 963 1111 otnant
1015 1061 1273 1114 varietate
1320 1062 1620 1131 gratissima

161 1150 299 1188 nunc
339 1133 608 1186 continua
632 1173 647 1197 ‚
685 1150 825 1185 nunc
856 1133 1144 1185 intermiffa
1166 1135 1301 1187 teeta
1330 1136 1580 1188 villarum
1606 1176 1623 1200 ,

161 1225 277 1276 quae
318 1207 581 1276 praestant
631 1211 914 1259 multarum
955 1208 1166 1258 urbium
1216 1209 1402 1260 faciem
1435 1248 1451 1272 ‚
1502 1208 1623 1262 sive

160 1280 275 1350 ipso
316 1282 465 1333 mari
487 1321 502 1345 ,
534 1281 653 1333 sive
698 1280 816 1348 ipso
857 1281 1042 1333 littore
1072 1295 1256 1344 utare,
1295 1285 1439 1351 quod
1478 1300 1622 1335 non-

162 1372 467 1424 numquam
524 1356 687 1422 longa
740 1353 1091 1423 tranquillitas
1139 1357 1317 1408 mollit
1357 1395 1372 1419 ,
1428 1356 1623 1424 saepius

161 1430 418 1498 frequens
448 1429 504 1479 &
528 1428 823 1480 contrarius
858 1426 1050 1480 fluetus
1068 1427 1295 1482 indurat.
1334 1430 1485 1482 Mare
1508 1447 1622 1482 non

163 1502 284 1555 sane
316 1500 585 1571 pretiosis
615 1501 842 1568 piscibus
881 1503 1139 1554 abundat.
1166 1503 1335 1555 soleas
1361 1519 1540 1555 tamen
1569 1506 1622 1557 &

165 1576 384 1646 squillas
405 1573 646 1643 optimas
661 1575 909 1644 suggerit.
942 1574 1091 1626 Villa
1113 1574 1247 1627 veri)
1269 1576 1442 1628 nostra
1460 1577 1623 1629 etiam

164 1651 586 1703 mediterraneas
639 1649 822 1716 copias
869 1646 1077 1716 praestat
1110 1685 1125 1710 ‚
1180 1649 1259 1700 lac
1309 1649 1367 1700 in
1394 1649 1624 1717 primis.

164 1741 287 1778 nam
309 1724 449 1776 illuc
473 1739 503 1774 e
524 1721 729 1789 pascuis
747 1721 1323 1790 pecoraconveniunt,
1340 1723 1385 1774 si
1411 1726 1625 1792 quando

167 1814 360 1869 aquam
389 1797 744 1863 umbramque
777 1795 1055 1848 sectantur.
1077 1793 1313 1848 ‘Justisne
1344 1798 1407 1848 de
1448 1797 1625 1850 causis

168 1890 289 1927 eum
331 1871 440 1925 tibi
480 1869 674 1922 videor
709 1870 982 1932 incolere,
1021 1867 1311 1922 inhabitare
1343 1911 1359 1935 ‚
1402 1873 1627 1941 diligere

171 1945 468 2000 seceffum.
454 1945 476 1983 ²
504 1958 663 2012 quem
686 1957 744 1994 tu
775 1943 936 1995 nimis
966 1943 1194 1996 urbanus
1225 1961 1324 2007 es,
1361 1946 1466 2000 nisi
1490 1963 1625 1998 con-

173 2020 444 2089 cupiscis.
478 2032 637 2085 atque
665 2015 871 2069 utinam
896 2014 1273 2086 concupiscas!
1310 2034 1369 2071 ut
1400 2035 1483 2071 tot
1508 2034 1627 2071 tan·

173 2094 343 2163 tisque
381 2091 602 2145 dotibus
640 2090 844 2143 vinulae
868 2090 1057 2143 nostrae
1093 2090 1326 2143 maxima
1347 2107 1630 2145 commen·

174 2168 318 2225 datio
337 2182 414 2220 ex
433 2180 534 2217 tuo
559 2165 910 2218 contubernio
934 2163 1161 2216 accedat.
1187 2164 1344 2219 Vale.

196 2260 486 2317 VXVIII.
529 2256 862 2309 Pmmus
901 2256 1289 2309 MAuxuco
1332 2273 1479 2311 suo
1520 2260 1577 2313 S.

179 2376 410 2427 Libenter
448 2373 498 2422 in
533 2370 585 2438 se
629 2370 798 2439 recipit
829 2370 1077 2437 injunc‘lam
1109 2371 1199 2421 sibi
1232 2392 1389 2422 curam
1424 2373 1632 2443 eligendi

201 2466 516 2537 pracepton's
535 2465 698 2515 liberis
709 2457 916 2514 Arulet'n'
932 2463 1118 2528 Rustici
1129 2496 1149 2526 ,
1169 2466 1224 2514 de
1249 2483 1336 2533 quo
1351 2465 1437 2516 lib.
1462 2482 1521 2524 1,
1542 2483 1593 2531 5.

187 2561 453 2682 QUID
492 2627 523 2661 a
565 2624 621 2661 te
663 2607 797 2659 mihi
837 2603 1115 2672 jucundius
1159 2602 1336 2674 potuit
1373 2606 1631 2677 injungi,

184 2684 341 2751 quam
365 2700 425 2735 ut
454 2698 843 2752 praeceptorem
878 2682 1054 2734 fratris
1087 2681 1167 2733 tui
1204 2680 1384 2733 liberis
1423 2698 1630 2748 quaere·

185 2775 295 2809 rem
320 2760 341 2810 ἓ
367 2759 508 2810 Nam
526 2755 791 2810 beneficio
812 2769 906 2806 tuo
930 2755 986 2807 in
1009 2756 1242 2807 scholam
1262 2756 1459 2807 redeo:
1486 2755 1632 2806 illam

185 2831 547 2885 dulcissimam
582 2845 793 2884 aetatem
833 2830 984 2898 quasi
1013 2830 1243 2884 resume.
1283 2828 1454 2881 Sedeo
1494 2829 1635 2880 inter

1254 2904 1297 2952 C
1331 2900 1388 2967 vj
