1951 3720
327 284 488 383 ‚362
623 284 1474 356 PANEGYRI-cvs

342 411 548 465 Eodem
573 410 725 463 illum
755 408 836 463 uti
866 407 983 476 jure
1014 406 1164 478 poss‘e
1199 423 1356 476 putes
1371 447 1387 471 ‚
1421 421 1587 477 quum
1603 404 1668 457 ad
1684 400 1783 456 imi

341 485 555 556 pedum
592 499 849 547 revocet,
873 499 999 552 -quo
1036 482 1110 536 sit
1141 482 1265 535 usus
1296 498 1461 551 quum
1493 481 1557 533 ad
1585 479 1787 532 exerci-

341 572 459 612 tum
499 558 746 616 miserit3
783 558 1028 625 nihilque
1075 553 1321 609 interesse
1342 594 1360 618 ,
1397 555 1478 607 ire
1518 555 1789 625 legatum,

341 648 413 686 an
459 633 632 685 redire
676 630 983 699 Principem
1029 627 1205 693 iubeat
1229 668 1244 693 ‚
1283 628 1391 681 nisi
1431 626 1579 698 quod
1626 625 1791 689 maior

340 705 417 773 sit
440 705 683 774 obsequii
708 706 880 774 gloria
906 704 967 756 in
992 720 1061 757 eo
1076 743 1092 767 ‚
1113 704 1258 773 quod
1284 700 1404 771 quis
1433 701 1618 754 minus
1639 699 1794 754 velit.

356 836 366 849 ,
419 779 494 834 Χ.
541 780 780 849 Augebat
831 777 1201 831 audioritatem
1243 774 1474 841 iubentis
1496 815 1512 839 ‚
1554 775 1617 827 in
1655 774 1797 826 sum·

342 868 494 908 mum
538 853 821 906 discrimen
860 851 1149 904 auctoritas
1185 848 1301 915 eius
1332 848 1595 909 adduCta3
1634 863 1797 917 utque

342 928 517 997 magis
556 928 845 995 parendum
894 924 1182 994 imperanti
1229 939 1440 992 putares
1478 921 1800 978 efficiebatur

341 999 455 1064 eo,
494 999 642 1069 quod
691 1001 754 1052 ab
805 999 924 1052 aliis
974 997 1153 1052 minus
1206 999 1504 1067 parebatur.
1575 997 1661 1049 Ad
1697 996 1798 1047 hoc

342 1074 592 1128 audiebas
644 1073 851 1125 senatus
899 1073 1196 1141 populique
1262 1071 1600 1124 consensum.
1675 1070 1801 1121 Non

343 1148 505 1216 unius
542 1148 737 1200 Nervae
778 1145 1034 1211 iudicium
1077 1146 1209 1198 illud
1230 1184 1248 1211 ,
1286 1145 1379 1198 illa
1419 1143 1620 1198 eleffio
1654 1142 1799 1197 suite

343 1236 471 1277 nam
508 1222 602 1291 qui
631 1222 828 1290 ubique
865 1222 988 1274 sunt
1008 1219 1260 1272 homines
1285 1259 1302 1282 ,
1335 1220 1441 1272 hoc
1475 1219 1623 1271 idem
1652 1217 1801 1270 votis

343 1297 703 1365 expetebant:
743 1295 836 1347 ille
870 1293 1079 1348 tantum
1114 1293 1227 1359 jure
1265 1292 1537 1361 Principis
1572 1307 1800 1359 occupa-

343 1369 432 1425 vit
451 1409 467 1431 ‚
489 1369 797 1438 primusque
829 1367 992 1432 fecit,
1015 1370 1162 1436 quod
1192 1383 1383 1421 omnes
1412 1364 1604 1419 facturi
1634 1378 1803 1421 erant.

345 1443 462 1496 Nec
484 1445 698 1495 hercule
717 1457 870 1495 tanto
896 1448 1061 1510 op‘ere
1084 1441 1287 1494 cunetis
1310 1439 1505 1494 faCtum
1529 1441 1764 1508 placeret
1783 1458 1803 1503 ‚¹

346 1516 456 1570 nisi
478 1515 752 1585 placuiffet
776 1531 1061 1585 antequam
1080 1514 1253 1569 fieret.
1282 1515 1352 1567 At
1377 1530 1518 1583 quo,
1544 1512 1621 1566 dii
1644 1513 1801 1576 boni,

346 1601 776 1658 temperamento
847 1588 1164 1658 potestatem
1223 1604 1370 1641 tuam
1425 1588 1804 1656 fortunamque

346 1668 656 1717 moderatus
694 1666 799 1718 es?
848 1665 1149 1732 Imperator
1179 1678 1238 1715 tu
1273 1662 1446 1715 titulis
1467 1701 1483 1725 ‚
1523 1662 1579 1714 δι
1614 1660 1805 1731 imagi-

350 1737 508 1791 nibus
537 1778 553 1803 ,
594 1739 648 1791 &
685 1736 854 1808 signis
895 1777 910 1802 ,
965 1736 1203 1790 ceterum
1241 1735 1499 1789 modestia
1522 1774 1539 1798 ‚
1576 1736 1806 1800 labore,

348 1811 633 1884 vigilantia
655 1851 671 1876 ‚
702 1813 813 1866 dux
843 1850 860 1877 ,
907 1811 960 1864 δε
997 1814 1202 1881 legatus
1231 1849 1248 1874 ‚
1290 1811 1343 1865 δι
1397 1811 1554 1863 miles
1586 1826 1603 1870 3
1644 1825 1805 1879 quum

348 1884 458 1953 iam
489 1902 578 1939 tua
614 1886 819 1939 vexilla
841 1925 854 1949 ,
897 1900 1014 1938 tuas
1053 1886 1255 1955 aquilas
1287 1899 1483 1954 magno
1520 1886 1689 1953 gradu
1717 1900 1805 1936 an-

352 1960 517 2014 teires
539 1978 556 2019 ς
581 1975 757 2028 neque
788 1960 931 2012 aliud
955 1958 1054 2010 tibi
1074 1974 1143 2011 ex
1169 1958 1263 2011 illa
1285 1955 1579 2026 adoptione
1600 1996 1616 2020 ,
1652 1957 1807 2027 quam

282 2102 285 2106 ‚
350 2031 458 2086 filii
493 2033 749 2102 pietatem
785 2072 801 2097 ,
850 2030 955 2084 filii
991 2032 1311 2101 obsequium
1352 2030 1599 2084 assereres
1628 2049 1646 2090 3
1689 2034 1806 2083 lon·

353 2122 585 2177 gamque
619 2106 744 2159 huic
785 2105 1007 2158 nomini
1036 2120 1246 2159 aetatem
1274 2145 1288 2169 ‚
1329 2108 1549 2175 longam
1581 2105 1807 2174 gloriam

352 2196 629 2249 precarere
662 2198 678 2240 ;
716 2195 769 2231 te
817 2180 1160 2248 providentia
1202 2182 1424 2232 deorum
1471 2178 1715 2246 primum
1752 2179 1808 2231 in

352 2255 538 2308 locum
571 2268 937 2323 provexerat3
972 2267 1033 2306 tu
1070 2255 1237 2306 adhuc
1279 2252 1336 2304 in
1373 2254 1605 2306 secundo
1655 2253 1808 2305 resis-

353 2340 470 2384 tere
491 2366 506 2391 ,
545 2343 704 2396 atque
738 2327 900 2380 etiam
942 2326 1211 2379 senescere
1250 2328 1472 2394 optabas
1510 2345 1524 2379 ε
1568 2326 1807 2395 privatus

354 2400 456 2455 tibi
477 2401 745 2453 videbaris
766 2440 784 2466 ,
818 2401 1072 2471 quamdiu
1111 2401 1407 2469 imperator
1430 2402 1484 2453 δι
1507 2401 1647 2453 alius
1668 2399 1808 2455 effer.-

354 2474 553 2540 Audita
590 2475 710 2527 sunt
745 2490 878 2528 vota
909 2490 1037 2538 tua,
1072 2475 1161 2527 sed
1199 2474 1256 2526 in
1297 2489 1557 2544 quantum
1599 2475 1807 2543 optimo

359 2549 444 2603 illi
475 2550 529 2602 δι
556 2548 893 2602 sanctissimo
924 2549 1038 2601 seni
1055 2548 1190 2601 utile
1221 2548 1355 2612 fuit,
1377 2564 1540 2618 quem
1564 2549 1641 2600 dii
1672 2550 1807 2601 coelo

360 2622 776 2676 vindicaverunt
796 2662 811 2687 ,
851 2639 917 2675 ne
959 2621 1090 2691 quid
1135 2621 1254 2690 post
1293 2620 1424 2674 illud
1467 2623 1716 2675 divinum
1760 2621 1807 2673 δι

361 2696 673 2761 immortale
696 2695 890 2751 fastum
906 2736 921 2760 ‚
942 2697 1168 2748 mortale
1197 2696 1410 2749 faceret.
1430 2695 1635 2748 Deberi
1656 2696 1807 2766 quip-

361 2788 432 2842 pe
464 2773 706 2828 maximo
736 2769 890 2838 operi
917 2771 1054 2822 hanc
1073 2769 1510 2833 venerationem,
1531 2784 1592 2822 ut
1622 2769 1808 2824 novis-

362 2845 564 2902 simum
611 2843 739 2898 effer
758 2883 774 2908 ‚
820 2843 1198 2913 auctoremque
1242 2842 1359 2908 eius
1401 2842 1577 2897 statim
1627 2844 1810 2897 conse·

327 2997 336 3006 .
362 2922 616 2977 trandum
635 2958 654 2987 ‚
699 2932 761 2973 ut
793 2919 1116 2990 quandoque
1154 2918 1297 2986 inter
1326 2917 1574 2989 posteros
1610 2933 1811 2990 quere·

665 3049 698 3063 ψ’
