1951 3720
319 256 414 346 64
668 256 926 323 CAH
986 251 1397 322 ΡιιΝιι

340 367 1745 527 uffiffiffleffiffiu·

432 582 880 669 LIBER
948 583 1640 671 TERTIUS.

370 750 414 804 1.
457 749 519 802 C.
561 748 925 802 PL1N1us
968 750 1406 801 CALVISIO
1450 763 1611 804 suo
1654 754 1712 806 S.

323 880 452 935 Vitae
475 916 489 941 ,
523 899 656 948 quam
686 880 805 933 vivit
827 880 1070 948 Spurinna
1088 916 1104 939 ‚
1138 879 1354 948 suavitas
1386 881 1431 930 6·
1470 883 1761 946 constantia.

391 976 510 1026 Haec
554 992 606 1024 ut
649 976 904 1042 aliquando
950 974 1042 1024 sibi
1084 975 1328 1042 contingat
1376 990 1625 1040 precatur.
1675 977 1767 1027 De

390 1068 632 1137 Spurinna
669 1069 776 1118 vide
810 1066 937 1135 infici
964 1081 1052 1120 ιο.
1078 1067 1124 1118 6·
1156 1067 1246 1121 lib.
1284 1080 1354 1123 2,
1390 1081 1448 1130 7.

323 1209 425 1307 N
432 1266 614 1305 Esclo
641 1269 706 1304 an
727 1253 897 1305 ullum
919 1249 1195 1315 jucundius
1220 1265 1431 1321 tempus
1455 1249 1764 1320 exegerim,

318 1325 478 1395 quem
511 1343 619 1394 quo
644 1343 812 1393 nuper
830 1327 966 1392 apud
984 1324 1301 1391 Spurinnam
1326 1327 1439 1385 fui·‚
1478 1328 1614 1378 adeo
1641 1324 1767 1392 qui·-

318 1401 480 1463 dern,
523 1417 584 1452 ut
620 1399 890 1450 neminem
913 1398 1088 1468 magis*
1103 1398 1160 1448 in
1190 1398 1499 1466 senectute(
1527 1397 1574 1450 si
1598 1395 1770 1450 modo

320 1472 589 1524 senescere
629 1475 806 1523 datum
838 1471 950 1537 est)
993 1471 1229 1523 aemulari
1264 1473 1450 1524 velim.
1500 1471 1653 1522 Nihil
1693 1469 1769 1522 est

316 1544 464 1596 enim
498 1546 595 1596 illo
631 1544 761 1597 vitae
793 1561 984 1614 genere
1016 1542 1350 1596 distinffiust
1386 1562 1471 1597 me
1501 1560 1681 1603 autem
1706 1558 1770 1595 ut

318 1633 493 1671 certus
525 1617 756 1671 siderum
777 1617 993 1679 cursus,
1032 1615 1106 1668 ita
1135 1617 1250 1669 vita
1267 1618 1550 1700 hominurn
1580 1617 1773 1685 dispo-

319 1690 423 1743 sita
470 1691 731 1754 delestat‚
776 1691 958 1742 senum
996 1691 1303 1758 praesertim.
1363 1693 1500 1742 Nam
1536 1689 1771 1756 juvenes

318 1766 486 1818 adhuc
511 1766 726 1818 confusa
748 1766 987 1834 qnaedam
1009 1764 1060 1815 δι
1084 1764 1235 1832 quasi
1252 1767 1454 1816 turbata
1478 1781 1591 1816 non
1612 1764 1771 1816 inde-

317 1840 476 1893 ceut:
513 1839 722 1891 senibus
753 1837 954 1907 placida
996 1837 1176 1889 omnia
1212 1839 1265 1891 &
1296 1837 1534 1891 ordinata
1558 1854 1772 1891 conve-

317 1912 475 1964 niunt
495 1952 510 1976 ,
553 1911 740 1981 quibus
774 1911 1020 1964 industria
1042 1913 1155 1964 sera
1179 1952 1193 1976 ,
1225 1912 1395 1980 turpis
1420 1911 1643 1964 ambitio
1670 1912 1768 1966 est.

318 1986 472 2038 Hanc
509 1988 744 2055 regulam
788 1985 1050 2053 Spurinna
1082 1984 1507 2038 constantissime
1543 1986 1769 2046 servam

320 2059 454 2126 quin
494 2059 654 2110 etiam
691 2075 855 2125 parva
885 2059 998 2109 haec
1019 2059 1039 2125 (
1060 2075 1221 2125 parva
1247 2100 1261 2124 ‚
1291 2058 1338 2111 si
1376 2076 1488 2111 non
1519 2059 1772 2127 quotidie

318 2131 494 2199 fiant)
532 2132 718 2183 ordine
750 2134 981 2199 quodam
1018 2133 1071 2183 &
1104 2135 1255 2184 velut
1279 2134 1405 2185 orbe
1429 2134 1767 2202 circum-agir.

318 2205 486 2257 Mane
518 2205 717 2257 lectulo
754 2206 1092 2257 continetur:
1128 2205 1261 2258 hora
1295 2206 1517 2258 secund&
1553 2208 1770 2258 calceos

321 2278 531 2346 poscit:
565 2280 794 2330 ambulat
826 2278 994 2330 millia
1035 2276 1270 2346 paffuum
1294 2279 1429 2339 tria3
1456 2295 1553 2332 nec
1585 2280 1770 2332 minus

319 2352 559 2403 animum
593 2350 752 2419 quiam
788 2368 981 2420 corpus
1013 2368 1242 2405 exercet.
1285 2352 1342 2404 Si
1368 2354 1550 2405 adsunt
1571 2354 1767 2418 amici,

317 2424 682 2476 honestissimi
701 2426 971 2477 sermones
996 2427 1359 2493 explicantur:
1383 2427 1431 2478 si
1460 2443 1572 2479 non
1588 2466 1601 2489 ‚
1630 2428 1771 2479 liber

316 2498 550 2567 legitur,
591 2497 854 2550 interdum
891 2498 1052 2550 etiam
1089 2499 1428 2566 praesentibus
1454 2500 1675 2564 amicis,
1719 2502 1769 2554 si

319 2584 499 2623 tamen
536 2572 616 2624 ini
657 2588 770 2623 non
795 2587 1095 2642 gravantur.
1138 2573 1346 2625 Deinde
1386 2574 1629 2625 considet
1649 2614 1664 2637 ,
1713 2576 1768 2626 δε

318 2644 453 2697 liber
489 2645 663 2697 rursus
686 2685 700 2708 ,
724 2662 811 2698 aut
842 2647 1015 2698 sermo
1049 2647 1190 2698 libro
1209 2646 1393 2714 potior
1414 2666 1425 2699 ε
1449 2664 1582 2699 mox
1605 2647 1766 2699 vehi·-

321 2721 500 2770 culum
561 2720 823 2771 adscendit
867 2739 882 2771 :
928 2718 1138 2771 affumit
1189 2737 1417 2772 uxorem
1478 2720 1766 2791 singularis

314 2792 587 2859 exempli,
619 2796 710 2845 vel
743 2793 974 2862 aliquem
1001 2793 1293 2845 amicorum
1316 2834 1330 2857 ,
1361 2808 1420 2845 ut
1458 2811 1543 2845 me
1569 2795 1765 2862 proxi·

321 2863 429 2922 me.
473 2866 649 2934 Quem
684 2870 963 2935 pulchrum
992 2866 1157 2933 illue,
1205 2866 1366 2937 quim
1409 2869 1559 2921 dulce
1590 2868 1772 2937 secres
