1951 3720
328 308 909 382 EPISTOLAE.
939 310 1286 382 Lib.VII.
1393 315 1525 411 ²¹5

98 428 311 499 denique
349 431 371 499 (
408 433 552 499 quod
595 432 779 500 paucis
825 434 1006 485 datum
1044 433 1166 502 est)
1208 451 1322 486 non
1356 434 1534 489 minus

49 529 52 536 ⁸
97 505 320 558 amabilis
380 505 538 573 quam
588 510 888 559 veneranda
920 512 931 561 !
983 509 1096 560 Erit
1147 509 1271 560 sane
1309 548 1324 571 ‚
1375 526 1535 578 quam

98 579 258 647 postea
282 580 544 631 uxoribus
572 580 832 632 ostentare
868 583 1179 650 possimus·‚
1213 581 1316 634 erit
1336 621 1351 645 ,
1375 600 1403 634 a
1430 599 1535 651 qua

97 654 190 704 viri
208 670 423 722 quoque
442 654 773 706 fortitudinis
794 658 1039 724 exempla
1054 657 1321 708 sumamus
1338 695 1353 719 ‚
1372 673 1536 725 quam

100 727 164 779 sic
195 743 471 780 cernentes
512 727 887 797 audientesque
918 730 1176 781 miramur
1215 769 1230 792 ‚
1271 746 1330 781 ut
1358 730 1529 794 =illas,

49 817 50 824 ¹
99 818 198 868 quae
221 804 490 870 leguntur.
527 803 603 853 Ac
627 803 758 853 mihi
784 805 974 854 domus
1014 804 1122 871 ipsa
1148 819 1364 866 nutare,
1398 820 1534 855 con-

49 873 54 876 ’
98 875 331 943 vulsaque
367 875 575 926 sedibus
595 876 701 927 suis
732 876 934 928 ruitura
951 877 1105 945 supra
1129 877 1342 929 videtur
1362 916 1377 940 ,
1402 875 1537 932 licet

99 950 241 999 adhuc
263 947 508 1015 posteros
540 952 743 1002 habeat.
784 950 1014 1017 Quantis
1034 950 1180 1003 enim
1203 951 1535 1016 virtutibusj

102 1023 393 1090 quantisque
417 1022 569 1075 fastis
601 1023 931 1093 assequentur
951 1063 966 1087 ,
996 1041 1055 1076 ut
1074 1026 1184 1077 haec
1204 1042 1318 1076 non
1338 1024 1533 1076 novis-

100 1095 212 1147 sima
248 1096 551 1148 occiderit?
587 1099 681 1150 Me
713 1099 926 1167 quidem
973 1099 1107 1151 illud
1142 1097 1304 1151 etiam
1344 1098 1536 1167 affligit

101 1168 145 1220 &
179 1185 394 1238 torquet
425 1210 440 1233 ‚
482 1168 627 1239 qu<⁸>d
674 1188 895 1225 matrem
944 1171 1058 1237 ejus
1091 1211 1106 1235 ‚
1147 1172 1291 1224 illam
1335 1173 1356 1240 (
1398 1172 1535 1224 nihil

99 1242 284 1309 possum
318 1245 572 1296 illustrius
605 1244 775 1298 dicere
796 1246 818 1312 )
843 1261 1002 1298 tantae
1026 1247 1237 1299 feminae
1269 1259 1493 1297 matrem
1517 1284 1537 1309 ,

99 1318 252 1370 rursus
283 1318 484 1371 videor
514 1319 756 1372 amittere
777 1360 792 1383 ,
836 1337 994 1389 quam
1033 1322 1147 1372 haec
1172 1335 1232 1371 ut
1264 1319 1434 1370 reddit
1473 1336 1536 1371 ac

99 1392 236 1442 refert
267 1392 427 1444 nobis
453 1431 469 1455 ‚
506 1392 584 1445 sic
610 1393 812 1447 auferet
832 1395 1009 1447 secum
1035 1434 1049 1458 ,
1082 1409 1273 1462 meque
1307 1394 1358 1444 δε
1380 1410 1535 1445 novo

97 1464 273 1531 pariter
297 1467 350 1518 &
376 1466 589 1518 resciss'o
612 1471 835 1520 vulnere
864 1463 1077 1521 afficiet}
1115 1471 1409 1535 Utramque
1435 1484 1535 1519 co-

94 1538 189 1600 lui,
212 1555 493 1609 utramque
526 1542 690 1594 dilexi
712 1561 724 1593 :
757 1558 928 1593 utram
952 1544 1120 1612 magis
1143 1582 1156 1603 ,
1185 1542 1368 1593 nescio
1393 1559 1409 1600 ς
1435 1556 1537 1593 nec

95 1611 303 1665 discerni
338 1615 614 1667 volebant.
658 1617 968 1668 Habuerunt
1006 1617 1179 1668 officia
1217 1631 1333 1666 mea
1365 1615 1422 1665 in
1449 1616 1538 1666 se-

95 1686 261 1739 cundis
282 1706 299 1747 3
324 1688 621 1740 habuerunt
641 1689 697 1739 in
716 1690 969 1742 adversis».
999 1692 1112 1759 Ego
1134 1688 1382 1741 solatium
1404 1690 1536 1740 rele-

95 1775 314 1828 gatarum
338 1802 355 1826 ‚
387 1779 491 1831 ego
517 1765 660 1815 ultor
690 1764 1037 1816 reversatum.
1078 1765 1207 1815 Non
1230 1762 1331 1814 feci
1355 1776 1535 1813 tamen

94 1834 258 1902 paria,
298 1850 462 1904 atque
510 1835 579 1889 εὸ
618 1840 786 1907 magis
825 1839 958 1890 hanc
991 1837 1156 1905 cupio
1196 1835 1433 1900 servari,
1472 1850 1536 1888 ut

95 1908 213 1962 mihi
252 1909 505 1963 solvendi
543 1927 786 1980 tempora
823 1912 1106 1979 supersint.
1157 1913 1218 1962 In
1255 1911 1338 1961 his
1384 1926 1531 1962 eram

95 1983 217 2035 curis
248 2002 419 2053 quum
457 1985 736 2037 scriberem
778 1986 842 2036 ad
880 2000 969 2044 te·‚
1004 2002 1132 2054 quas
1171 1985 1218 2036 si
1258 1986 1386 2035 deus
1433 1983 1535 2035 ali-

95 2056 202 2123 quis
232 2058 293 2110 in
325 2059 578 2129 gaudium
615 2059 841 2112 verterit
869 2098 884 2123 ,
917 2061 983 2112 de
1007 2074 1155 2112 metu
1178 2074 1290 2109 non
1321 2074 1534 2127 querar.

93 2129 233 2185 Vale.

200 2218 349 2305 XX.
405 2253 737 2307 Pramus
790 2255 1088 2306 TAc1ro
1143 2267 1290 2306 svo
1346 2256 1403 2308 S.

93 2350 269 2402 librum
323 2352 487 2402 Taciti
539 2369 752 2403 notatum
802 2372 832 2401 a
874 2351 930 2420 se
981 2354 1180 2403 remittit
1214 2387 1230 2411 ,
1281 2371 1534 2422 paremque

154 2426 300 2476 vicem
340 2427 388 2476 in
419 2424 508 2492 suo
531 2427 655 2477 libro
693 2425 962 2495 exspefians
986 2461 1002 2485 ,
1042 2428 1129 2475 Ιιᾶσ
1160 2431 1320 2477 ηιιιτιιᾶ
1340 2429 1535 2491 studit)-

153 2519 250 2551 rum
278 2498 521 2570 societate
550 2503 823 2554 delei-latur.
868 2501 992 2553 Vide
1014 2513 1046 2565 9
1068 2536 1083 2561 ,
1122 2513 1209 2566 23.

1348 2178 1371 2201 {-

91 2610 391 2704 LlnRUM
423 2664 574 2707 tuum
602 2648 751 2718 legi,
785 2649 837 2701 &
861 2689 877 2714 ‚
916 2646 1075 2717 quam
1112 2647 1526 2718 diligentissime

89 2724 269 2790 potui,
303 2724 560 2776 adnotavi
581 2741 695 2791 quae
730 2725 1131 2787 commutanda,
1154 2741 1268 2792 quae
1288 2724 1529 2776 eximen-

89 2797 144 2846 da
164 2799 465 2851 arbitrarer.
499 2800 636 2849 Nam
661 2799 713 2848 δί
745 2815 846 2867 ego
871 2815 1062 2850 verum
1086 2798 1257 2850 dicere
1287 2797 1485 2850 ass'uevi
1508 2838 1526 2863 ,

89 2870 135 2920 ὅ(
155 2887 212 2923 tu
232 2873 467 2924 libenter
496 2871 695 2924 audire.
738 2873 926 2940 Neque
952 2872 1094 2924 enim
1118 2871 1216 2924 ulli
1238 2872 1528 2939 patientius

87 2948 540 3014 reprehenduntur
562 2986 577 3011 ,
609 2943 766 3016 quam
801 2946 893 3016 qui
928 2944 1163 3000 maxime
1181 2946 1380 2999 laudari
1410 2963 1528 3001 me-
