1951 3720
395 246 958 316 Eptsrozffi..
988 244 1134 314 Lib.
1170 239 1307 314 IX.
1442 263 1582 334 277

218 366 360 422 XX.
404 368 738 421 Prnuus
777 368 1208 422 Vnum-‚0111
1251 375 1396 415 suo
1435 364 1492 415 S.

167 489 299 540 Huic
328 487 563 558 placuiffe
603 485 750 537 libros
767 482 882 552 suos
909 485 1084 553 gaudet
1103 518 1121 542 ,
1153 484 1200 534 ὃ·
1224 483 1430 553 graciles
1463 480 1550 551 effe

615 581 875 638 vindemias
905 581 1114 631 nuntiat.

138 671 224 766 T
246 721 292 758 υ
312 720 353 758 A
392 703 530 757 vero
563 704 785 774 epistola
806 701 956 755 tanto
991 701 1122 753 mihi
1146 701 1429 768 jucundior
1446 699 1548 754 fuit
1571 740 1589 766 ,

139 779 341 850 quanto
376 779 597 848 longior
626 793 738 832 erat
758 816 773 841 ,
802 776 1094 845 praesertim
1115 792 1277 843 quum
1301 777 1365 827 de
1393 774 1594 828 libellis

136 852 272 907 meis
300 866 419 905 tota
437 854 774 920 loqueretur,
798 865 934 917 quos
955 848 1050 901 tibi
1068 848 1338 916 voluptati
1356 847 1458 900 effe
1481 864 1594 900 non

141 926 311 978 miror
332 964 348 989 ‚
373 942 540 994 quum
576 924 761 977 omnia
785 921 957 974 nostra
980 921 1197 989 perinde
1216 937 1276 973 ac
1295 938 1395 973 nos
1423 937 1593 973 ames.

139 1000 253 1067 Ipse
284 1015 456 1068 quum
477 995 713 1050 maxime
740 995 1040 1048 vindemias
1062 1033 1077 1057 ‚
1100 993 1318 1062 graciles
1340 993 1556 1063 quidem
1576 1031 1593 1057 ‚

140 1071 418 1125 uberiores
455 1084 635 1123 tamen
666 1086 824 1138 quam
845 1067 1273 1136 exspectaveram
1296 1105 1311 1130 ‚
1351 1067 1554 1136 colligo
1580 1104 1597 1130 ‚

144 1146 186 1198 si
221 1145 485 1214 colligere
522 1143 595 1196 est
613 1183 630 1206 ‚
667 1157 1069 1209 nonnumquam
1094 1141 1372 1207 decerpere
1392 1156 1554 1191 uvam
1578 1178 1597 1202 ‚

145 1222 418 1271 torculum
465 1217 700 1269 invisere
732 1255 748 1280 ,
799 1213 1000 1285 gustare
1039 1215 1102 1265 de
1147 1215 1265 1264 lacu
1318 1211 1547 1264 mustum
1581 1252 1601 1275 ,

148 1293 410 1361 obrepere
455 1289 668 1343 urbanis
690 1330 706 1354 ,
756 1289 850 1357 qui
904 1302 1046 1339 nunc
1088 1284 1290 1337 rusticis
1331 1284 1596 1353 praesunt'‚

145 1382 342 1434 meque
382 1363 609 1416 notariis
649 1363 702 1415 δε
733 1361 1021 1415 Ιεᾶοτὶὺιιε
1058 1357 1406 1428 reliquerunt.
1439 1359 1598 1414 Vale.

201 1486 390 1539 XXI.
431 1484 762 1537 Ptnuus
801 1482 1252 1533 §.annuntio
1295 1491 1442 1532 suo
1482 1479 1539 1533 S.

241 1608 489 1661 Libertum
524 1606 573 1657 in
593 1604 798 1676 gratiam
827 1601 1028 1671 patroni
1061 1601 1298 1664 restituere
1329 1614 1505 1655 tentae.

677 1701 801 1755 Vide
835 1698 966 1768 infi'ci
1004 1711 1093 1759 24.

160 1797 238 1891 L
261 1847 286 1885 1
306 1847 341 1885 Β
358 1845 400 1885 ιτ.
413 1845 453 1884 a
466 1822 503 1883 *r
520 1843 563 1883 u
583 1843 610 1883 s
641 1841 764 1881 tuus
785 1864 801 1891 ,
839 1822 926 1877 cui
949 1820 1253 1876 succensere
1277 1835 1333 1874 te
1354 1818 1563 1875 dixeras
1590 1826 1609 1886 ,⁴

157 1908 311 1974 yenit
351 1908 417 1957 ad
453 1922 538 1957 me
555 1943 571 1967 ,
590 1899 979 1968 advolutusque
999 1895 1241 1965 'pedibus
1280 1895 1415 1948 meis
1433 1934 1448 1959 ‚
1471 1911 1608 1953 tam-3

162 1998 321 2050 quam
356 1979 465 2031 tuis
490 2018 506 2041 ‚
527 1975 702 2029 haesit.
742 1972 920 2026 Flevit
959 1971 1189 2023 multum
1221 2008 1240 2033 ‚
1276 1970 1611 2038 multumque

159 2045 377 2124 rogavit
400 2092 416 2116 ,
451 2053 680 2103 multum
715 2047 876 2099 etiam
900 2033 1067 2097 tacuit
1088 2061 1101 2095 t
1128 2041 1185 2093 in
1207 2042 1410 2095 summa
1431 2082 1446 2105 ‚
1482 2043 1610 2094 fecit

159 2128 294 2179 mihi
325 2124 491 2177 fidem
511 2120 860 2193 poenitentiae.
885 2116 1032 2170 Ver'e
1055 2118 1212 2168 credo
1233 2116 1569 2168 emendatum
1596 2154 1611 2175 ,

161 2200 285 2269 quia
325 2196 603 2267 deliquifl‘e
623 2197 676 2248 se
696 2192 872 2246 sentit.
903 2188 1147 2243 Irasceris
1169 2228 1185 2253 ,
1219 2188 1362 2248 scio·‚
1400 2189 1453 2239 δε
1480 2188 1614 2240 iras-

159 2269 295 2327 ceris
328 2269 530 2325 merito
550 2309 566 2333 ,
602 2269 657 2321 id
691 2282 905 2337 quoque
941 2264 1053 2316 scio
1086 2281 1101 2315 ε
1133 2262 1222 2314 sed
1245 2275 1370 2313 tunc
1396 2278 1615 2330 quoque

161 2345 433 2415 praecipua
472 2338 887 2396 mansuetudinis
923 2338 1037 2390 laus
1060 2370 1078 2395 ,
1110 2352 1275 2403 quum
1313 2334 1403 2386 irae
1449 2335 1615 2387 causae

117 2427 121 2430 ’
164 2418 466 2486 justissimae
507 2416 649 2469 sunt.
703 2409 910 2465 Amasti.
938 2408 1217 2462 hominem
1239 2447 1254 2471 ‚
1288 2408 1340 2459 &
1361 2446 1377 2471 ,
1416 2406 1581 2476 spero
1602 2446 1619 2472 ‚

163 2491 366 2545 amabis
409 2510 424 2543 ε
457 2488 690 2558 ‘interim
733 2484 921 2538 sufficit
941 2522 957 2547 ,
1003 2497 1063 2535 ut
1114 2481 1325 2534 exorari
1360 2495 1414 2533 te
1452 2479 1619 2534 sinas.

163 2565 372 2619 Licebit
402 2563 582 2615 rursus
610 2559 801 2623 irasci,
839 2557 887 2612 si
922 2554 1212 2616 meruerit;
1243 2555 1390 2623 quod
1418 2570 1622 2605 exora·

165 2652 252 2692 tus
303 2635 605 2691 exeusatitns
642 2633 830 2686 facies.
881 2628 1117 2683 Remitte
1165 2628 1368 2697 aliquid
1409 2626 1596 2678 adoles
1596 2654 1620 2666 -

165 2709 360 2764 ‘centia
391 2709 562 2777 ipsius
583 2747 599 2771 ,
633 2706 844 2758 remitte
876 2702 1130 2774 lacrymis
1154 2740 1170 2764 ,
1197 2701 1407 2753 remitte
1441 2699 1621 2750 indul-

167 2784 365 2855 gentiae
389 2798 493 2833 tuae
517 2800 530 2834 z
563 2798 630 2833 ne
665 2778 881 2832 torseris
904 2778 1057 2829 illum
1082 2814 1098 2838 ,
1128 2791 1195 2826 ne
1220 2771 1434 2825 torseris
1458 2770 1620 2823 etiam

167 2872 246 2919 te.
281 2854 580 2927 Torquet-is
615 2854 763 2909 enim
783 2891 807 2919 ,
833 2867 1000 2923 quum
1038 2863 1149 2901 tam
1185 2846 1326 2901 lenis
1358 2843 1619 2900 irasceris.
