1951 3720
385 251 865 323 TRAIANO
914 263 1331 324 υιστυε.
1434 248 1580 362 369

111 346 278 406 viros
316 365 519 420 aptant.
562 351 781 420 Quippe
818 368 931 405 non
954 351 1002 404 is
1026 350 1280 420 Princeps
1303 389 1319 415 ‚
1357 367 1451 421 qur
1474 349 1585 406 sibi

117 421 413 499 imminere
448 465 465 490 ‚
519 425 621 478 sibi
661 425 868 479 intendi
915 440 1068 494 putet
1109 426 1255 494 quod
1293 424 1352 478 in
1400 425 1580 484 hostes

117 515 380 568 paretur,
405 517 521 567 quae
544 499 816 569 persuasio
840 498 941 552 fuit
966 499 1184 551 illorum
1205 537 1221 563 ‚
1252 499 1347 567 qui
1369 497 1585 553 hostilia

119 590 295 643 quum
334 574 567 626 facerent
591 613 607 637 ‚
650 573 926 632 timebant,
986 572 1158 625 Iidem
1193 589 1324 641 ergo
1364 588 1583 641 torpere

118 646 381 698 militaria
404 646 601 710 studia,
639 664 738 699 nec
760 648 970 699 animos
1008 643 1173 699 modo
1198 684 1213 708 ‚
1252 646 1341 697 sed
1374 647 1425 698 &
1463 663 1584 698 cor·

69 740 76 745 ’
118 735 258 795 pora
295 720 411 787 ipsa
443 721 779 790 languescere
800 760 818 783 ,
848 719 1052 790 gladios
1077 717 1239 771 etiam
1265 718 1470 772 incuria
1493 720 1582 771 he-

116 793 294 846 betari
326 794 641 862 retundique
673 795 983 864 gaudebant.
1026 793 1205 845 Duces
1226 809 1391 859 porro
1412 791 1582 845 nostri

119 882 236 918 non
274 881 391 918 tam
416 884 598 936 regum
620 882 930 920 exterorum
952 905 978 930 ,
1003 865 1164 935 quam
1184 866 1402 918 suorum
1420 865 1578 918 Prin-

117 938 311 1007 cipum
341 939 561 992 insidias
588 980 614 1003 ,,
647 958 749 994 nec
779 955 888 993 tam
924 938 1157 993 hostium
1180 979 1200 1003 ,
1230 937 1389 1008 quam
1424 956 1584 1009 com·

119 1013 442 1066 militonum
477 1031 663 1067 manus
693 1015 996 1082 ferrumque
1026 1013 1349 1066 metuebant.
1569 1059 1573 1064 .

193 1087 354 1149 XlX.
403 1087 488 1139 Est
525 1089 639 1140 haec
673 1103 857 1141 natura
895 1086 1184 1149 sideribus,
1217 1102 1276 1138 ut
1318 1103 1482 1154 parva
1526 1086 1615 1151 St=

120 1160 291 1214 exilia
333 1161 661 1214 validiorum
709 1176 931 1214 exortus
979 1161 1222 1212 obscuret
1261 1178 1274 1212 ε
1327 1158 1580 1213 similiter

121 1232 472 1304 imperatoris
513 1238 747 1288 adventu
787 1237 1091 1305 legatorum-
1129 1232 1356 1302 dignitas
1398 1233 1581 1286 inum-

119 1309 323 1363 bratur.
370 1310 457 1361 Tu
485 1323 667 1363 tamen
695 1307 866 1373 maior
888 1309 1137 1360 omnibus
1177 1306 1391 1376 quidem
1425 1324 1538 1359 eras
1563 1346 1582 1372 ,

121 1383 212 1435 sed
260 1383 383 1435 sine
424 1383 586 1436 ullius
636 1381 1005 1436 deminutione
1054 1378 1225 1447 major
1273 1398 1286 1433 ε
1337 1382 1579 1433 eamdem

122 1452 504 1523 auctoritatem
524 1457 780 1525 praesente
802 1472 854 1509 te
876 1455 1097 1526 (piisque
1113 1493 1129 1517 ‚
1154 1471 1311 1523 quam
1335 1455 1546 1507 absente
1563 1494 1587 1519 ,

121 1526 409 1583 retinebat.
452 1531 602 1597 Quin
629 1531 793 1584 etiam·
826 1528 1090 1599 plerisque
1123 1545 1193 1580 ex
1233 1542 1302 1593 eo
1326 1546 1581 1582 reveren-

122 1604 201 1669 tia
239 1603 519 1665 accesserat
540 1644 564 1669 ,.
594 1603 740 1674 quod
773 1619 838 1657 tu
854 1619 1071 1673 quoque
1095 1601 1221 1654 illos
1247 1603 1582 1657 reverebare.

121 1677 324 1748 Itaque]
354 1678 571 1746 perinde
612 1676 832 1730 summis
867 1692 1026 1746 atque
1058 1674 1258 1727 infimis
1283 1691 1432 1727 carus
1454 1715 1478 1739 ,
1497 1675 1580 1728 sic

120 1750 512 1821 imperatorem
562 1751 1098 1819 commilitonemque
1145 1750 1427 1807 miscueras
1453 1787 1469 1812 ‚
1518 1764 1585 1802 ut

122 1825 359 1879 studium
396 1824 640 1880 omnium
670 1828 1015 1895 laboremque
1036 1824 1087 1877 δί
1111 1837 1380 1893 tamquam
1420 1840 1585 1876 exac-

123 1897 213 1953 tor
253 1901 556 1953 intend'eres
582 1940 602 1965 ,
655 1900 710 1953 ὅτ
755 1915 1024 1967 tamquam
1073 1898 1336 1967 particeps
1377 1898 1583 1951 socius·

124 1969 230 2044 que
270 1976 556 2028 relevares.
610 1973 812 2032 Felices
869 1972 1030 2037 illos,
1075 1990 1304 2041 quorum
1351 1970 1483 2024 fides
1527 1973 1583 2024 &

123 2047 382 2101 industria
421 2065 533 2100 non
580 2065 678 2117 per
728 2046 1088 2099 internuntios
1129 2048 1181 2099 &
1217 2045 1534 2114 interpretes
1563 2085 1587 2110 ,

122 2123 213 2174 sed
254 2123 321 2174 ab
367 2121 485 2189 ipso
531 2125 584 2174 te
611 2161 626 2184 ‚
664 2138 762 2173 nec
796 2123 1007 2178 auribus
1049 2119 1156 2172 tuis
1181 2158 1209 2183 ,.
1234 2119 1323 2171 sed
1363 2122 1537 2174 oculis
1565 2159 1591 2183 ,

121 2197 528 2265 probabantur!
576 2195 864 2248 Consecuti
900 2195 1023 2246 sunt
1054 2234 1069 2258 ,
1110 2208 1171 2246 ut
1217 2192 1400 2246 absens
1441 2210 1585 2263 quo·

123 2287 230 2339 que
251 2271 317 2330 de
341 2268 637 2332 absentibus
671 2268 883 2324 nemini
915 2266 1082 2336 magis
1107 2306 1121 2331 ,
1146 2265 1309 2336 quam
1341 2267 1441 2320 tibi
1463 2283 1593 2321 cre·

122 2346 299 2397 der-es·

133 2425 140 2484 f
196 2417 333 2470 XX.
372 2416 496 2471 Jam
545 2421 599 2469 te
640 2416 846 2469 civium
902 2412 1163 2466 desi-deria
1206 2417 1529 2468 revocabant
1563 2419 1590 2478 ,ζ

125 2491 482 2561 amoremque
524 2490 807 2543 castrorum
844 2489 1116 2557 superabat
1152 2488 1339 2541 caritas
1376 2489 1589 2558 patriae.

122 2551 236 2626 fter
286 2564 411 2626 inde
464 2564 731 2633 placidum
757 2603 772 2627 ‚
819 2580 878 2615 ac
930 2560 1224 2614 modestum
1249 2601 1276 2626 ι
1311 2578 1371 2615 ut
1421 2558 1581 2631 plan&

124 2633 333 2722 'a‘jprace
381 2639 680 2692 redeuntis.>
734 2639 846 2690 Nec
902 2634 1039 2689 vero
1094 2653 1197 2705 ego
1237 2636 1296 2688 in
1343 2638 1585 2688 laudibus

127 2708 486 2782 tuisponam
522 2748 537 2774 ,
594 2710 739 2781 quod
779 2714 1065 2764 adventum
1105 2725 1256 2762 tuum
1294 2727 1406 2761 non
1436 2725 1598 2778 patet·

128 2783 415 2864 quisquam
436 2826 451 2851 ,
489 2803 601 2839 non
636 2786 855 2852 maritus
892 2784 1136 2853 expavit.
1188 2783 1443 2835 Affestata
1467 2784 1599 2836 aliis-

130 2855 339 2916 castitas
361 2900 385 2928 ,
417 2861 517 2915 tibi
565 2860 803 2934 ingenita
858 2860 912 2913 &
960 2860 1141 2913 innata
1162 2898 1178 2921 ,
1226 2858 1472 2928 interque
1527 2873 1603 2910 aaa

1173 2931 1287 2997 (ἓν
