1951 3720
471 379 612 450 ¹92
812 357 1080 425 CAII
1148 356 1575 424 P'LINII

458 480 712 530 amulum
727 477 1030 531 removiffe.
1056 477 1377 529 Admonitus
1398 492 1456 528 ut
1468 486 1735 545 perageret
1747 489 1864 548 ⁸accu-

457 551 722 604 sationem
745 592 760 613 ,
797 552 1005 620 peregit
1041 551 1292 610 invitus·,
1327 552 1414 602 sed
1450 549 1598 600 illam
1628 550 1863 613 damnari,

460 639 623 676 etiam
644 640 820 676 invito
845 626 1179 687 accusatore,
1209 622 1412 676 necesse
1451 637 1599 675 erat:
1634 624 1862 684 damnata,

462 697 522 748 &-
540 697 692 750 Juliae
725 697 880 766 legis
891 701 1070 772 poenis
1096 697 1274 750 relich
1295 696 1385 749 est.
1431 695 1605 746 Caesar
1636 695 1865 756 &nomen

458 770 791 822 centurionis
825 809 840 832 ,
898 771 949 821 δε
993 770 1564 823 commemorationem
1615 767 1865 834 disciplinae

460 842 708 893 militaris
747 844 1019 895 sententiae
1061 843 1291 907 adjecit,
1332 860 1399 895 ne
1424 857 1614 893 omnes
1647 840 1867 905 ejusmodi

462 915 638 966 causas
674 932 927 969 revocare
958 919 1025 967 ad
1059 916 1112 968 se
1148 917 1434 968 videretur.
1484 914 1675 965 Tertio
1704 912 1818 964 die
1808 930 1865 964 in·

461 986 613 1039 duela
655 989 894 1057 cognitio
937 988 1047 1052 est,
1088 989 1271 1041 multis
1305 986 1641 1040 sermonibus
1676 986 1865 1037 &vario

417 1104 424 1112 .
461 1077 676 1113 rumore
697 1061 897 1126 ja&atis
935 1062 1067 1115 Julii
1095 1063 1314 1113 Tironis
1344 1061 1610 1113 codicillis
1632 1099 1647 1123 ‚
1672 1076 1792 1127 quos
1817 1075 1866 1110 ex

460 1147 609 1200 parte
635 1137 812 1186 ‘veros
849 1134 953 1187 effe
987 1135 1249 1186 constabat
1270 1174 1285 1198 ‚
1327 1152 1396 1186 ex
1433 1149 1584 1201 parte
1620 1132 1734 1184 falsi
1765 1131 1866 1183 dice·

459 1206 666 1260 bantur.
711 1207 1158 1259 Substituebantur
1189 1207 1401 1259 crimini
1435 1205 1775 1274 Sempronius
1803 1207 1865 1256 Se·

461 1280 620 1332 necio
660 1297 823 1349 eques
869 1282 1143 1334 Romanus
1165 1320 1180 1345 ,
1207 1282 1275 1348 ,δε
1323 1279 1652 1349 Eurythmus
1690 1278 1865 1329 Caesaris

459 1351 682 1405 libertus
730 1355 782 1403 ὃ(
819 1369 1147 1421 procurator.
1194 1355 1426 1405 Heredes
1467 1392 1482 1415 ,
1528 1370 1694 1422 quum
1737 1351 1865 1403 Caesar

461 1424 590 1477 effer
619 1426 677 1477 in
712 1427 879 1478 Dacia
899 1466 913 1490 ‚
944 1426 1302 1479 communiter
1338 1425 1563 1494 epistola
1602 1424 1781 1492 scripta
1805 1441 1865 1491 pe-

462 1498 655 1550 tierant
696 1514 755 1550 ut
802 1499 1089 1567 susciperet
1130 1499 1498 1567 cognitionem
1534 1518 1548 1552 :
1595 1499 1867 1565 susceperat.

459 1571 728 1624 Reversus
748 1572 888 1624 diem
926 1575 1168 1625 dederat:
1195 1574 1247 1623 δε
1273 1612 1286 1636 ,
1326 1590 1490 1640 quum
1527 1574 1604 1623 ex'
1632 1571 1864 1623 heredibus

465 1645 713 1713 quidam,
740 1645 891 1715 quasi
919 1645 1220 1697 reverentia
1246 1645 1562 1715 Eurythmi,
1588 1645 1867 1696 omitterent

463 1719 854 1771 accusationem
894 1758 909 1784 ,
960 1718 1314 1787 pulcherrime
1356 1719 1613 1782 dixerat,
1669 1720 1767 1770 Nec
1804 1718 1866 1767 ille

466 1790 745 1858 Polycletus
787 1794 850 1855 est
873 1826 887 1851 ‚
924 1810 1011 1842 nec
1056 1811 1139 1862 ego
1177 1794 1333 1843 Nero.
1392 1793 1686 1843 Indulserat
1728 1785 1895 1841 tamenl

455 1866 767 1931 petentibus
798 1866 1110 1918 dilationem
1143 1905 1158 1929 ‚
1200 1865 1347 1931 cujus
1380 1880 1627 1934 tempore
1668 1864 1829 1917 exafilo
1856 1902 1866 1924 ‚

455 1940 771 1990 consederat
802 1940 1091 1992 auditurus.
1134 1940 1182 1990 A
1214 1954 1362 2007 parte
1396 1940 1654 1991 heredum
1686 1938 1868 1988 intrave-

459 2025 589 2061 runt
612 2014 755 2064 duo:
784 2012 1010 2065 omnino
1031 2012 1356 2080 postularunt
1379 2028 1437 2064 ut
1470 2029 1662 2064 ornnes
1690 2011 1893 2062 heredes

467 2100 619 2151 agere
655 2101 1005 2153 cogerentur,
1042 2103 1206 2155 quum
1237 2085 1535 2138 detulifl'ent
1569 2101 1782 2146 omna,
1805 2096 1867 2133 aut

469 2156 568 2206 sibi
600 2175 812 2227 quoque
838 2159 1080 2212 desistere
1112 2159 1522 2227 permitteretur.
1576 2160 1799 2211 Locutus
1816 2153 1866 2205 est

471 2232 546 2279 C
540 2231 641 2282 sar
681 2233 882 2284 summa
919 2232 1217 2302 gravitate,
1250 2233 1453 2283 summa
1491 2232 1863 2284 moderatione,

455 2318 737 2373 'quumque
769 2310 1054 2357 advocatus
1091 2304 1402 2357 Senecionis
1437 2306 1489 2355 ὅ(
1513 2303 1785 2373 Eurythmi
1815 2301 1868 2350 di·

467 2375 623 2428 xiffet
654 2378 1038 2446 suspicionibus
1074 2377 1304 2446 relinqui
1327 2394 1449 2430 reos
1476 2417 1489 2440 ‚
1532 2379 1639 2430 nisi
1665 2376 1864 2429 audiren-

465 2464 590 2502 tur:
625 2453 739 2501 Non
764 2471 909 2508 curo,
938 2451 1151 2519 inquit,
1177 2471 1238 2500 an
1278 2452 1353 2514 isti
1387 2449 1734 2519 suspicionibus
1754 2449 1864 2499 telin·

465 2542 702 2588 quantur.-
738 2542 821 2592 ego
854 2527 1114 2592 relinquor.
1150 2524 1322 2587 Dein,
1355 2525 1648 2576 conversus
1678 2526 1737 2575 ad
1761 2537 1864 2581 nos,

453 2592 522 2654 'E'
525 2598 759 2659 riq-259⁸
775 2599 1056 2665 quidfacere
1072 2597 1346 2647 debeamus.
1365 2599 1445 2657 isti
1460 2600 1581 2647 enim
1594 2617 1719 2665 quen
1711 2596 1865 2644 volunt

467 2678 593 2742 quod
631 2678 720 2725 sibi
760 2677 948 2726 licuerit
983 2694 1077 2726 non
1115 2674 1333 2742 accusare
1366 2693 1383 2726 .·
1418 2692 1533 2727 tum
1578 2693 1651 2728 ex
1690 2669 1887 2743 consilii}

465 2749 723 2800 sententia
770 2748 925 2812 jussit
985 2748 1283 2800 denuntiari
1331 2749 1611 2801 heredibus
1658 2747 1887 2800 omnibus*

463 2836 523 2872 ut
559 2837 771 2890 agerent
792 2862 806 2885 ‚
832 2837 921 2873 aut
962 2822 1161 2891 singuli
1193 2824 1546 2891 approbarent
1580 2822 1751 2874 causas
1784 2830 1869 2867 non

464 2895 690 2962 agendi,
722 2896 961 2963 alioquin
992 2897 1042 2946 se
1075 2897 1164 2947 vel
1202 2897 1265 2947 de
1290 2896 1554 2947 calumnia
1588 2892 1868 2963 pronuntia·

460 2985 658 3024 turum.
701 2970 866 3024 Vides
898 2968 1059 3038 quam
1089 2967 1297 3022 honesti
1318 3008 1335 3035 ,
1372 2968 1531 3039 quam
1553 2967 1726 3024 severi
1748 2963 1868 3021 dies.

1755 3048 1866 3106 quos
1882 3036 1883 3039 ’
