1951 3720
374 269 1393 345 EptsToLAE.Lib.VIII.
1497 296 1627 375 251

173 392 328 446 dibus
366 393 548 445 ferunt
566 430 582 455 ‚
615 389 763 460 qued
801 391 875 444 sit
905 391 1176 447 frustratus
1216 393 1485 464 improbas
1516 399 1635 469 spes

173 466 462 518 hominum
483 504 499 529 ‚
533 482 670 534 quos
692 466 773 518 sic
795 466 1043 534 decipere
1065 507 1080 531 ‚
1114 484 1218 537 pro
1240 470 1476 523 moribus
1495 486 1637 525 tem-

173 556 375 608 porum
398 579 413 604 ‚
445 539 727 608 prudentia
759 539 850 593 est.
877 541 1092 592 Addunt
1111 545 1273 594 etiam
1295 581 1311 606 ‚
1353 560 1465 595 non
1483 545 1637 600 fuifl'e

172 613 223 666 ei
258 614 493 665 liberum
531 613 641 665 alio
676 613 997 667 testamento
1039 615 1182 667 mori
1214 634 1230 674 ;
1272 633 1446 686 neque
1487 619 1633 672 enim

172 686 447 756 reliquisse
479 703 615 754 opes
646 686 812 751 filiae,
840 688 927 739 sed
959 687 1235 754 reddidiss'e
1255 728 1270 751 ,
1298 691 1491 758 quibus
1511 708 1636 745 auc-

171 771 256 812 tus
295 777 397 829 per
443 759 611 812 filiam
656 761 844 814 fuerat.
905 763 1043 812 Nam
1083 762 1342 815 Curtilius
1381 764 1593 817 Mancia
1620 806 1636 832 ,

171 835 400 902 'perosus
457 850 711 904 generum
775 835 928 886 suum
992 836 1303 888 Domitium
1360 837 1634 892 Lucanum

170 905 194 972 (
220 907 388 959 frater
423 907 471 961 is
507 908 655 960 Tulli
675 908 698 975 )
717 909 823 975 (sub
846 925 905 960 ea
928 908 1241 962 conditione
1272 908 1439 962 filiam
1472 910 1586 977 ejus
1616 953 1632 978 ,

170 996 396 1049 neptem
420 982 567 1034 suam
589 1022 605 1046 ,
641 981 888 1035 effecerat
916 983 1195 1046 heredem,
1234 982 1280 1035 si
1310 983 1438 1036 effet
1468 1002 1632 1039 manu

167 1055 344 1122 patris
384 1053 585 1109 emiffa.
635 1056 892 1108 Emiserat
925 1070 1117 1124 patet-3
1152 1057 1495 1124 adoptaverat
1531 1076 1630 1128 pa-

169 1141 324 1181 truus
347 1147 362 1180 ε
388 1142 549 1198 atque
579 1127 656 1182 ita
690 1129 1093 1197 circumscripto
1126 1129 1441 1195 testamento
1457 1171 1470 1195 ,
1495 1148 1632 1185 con-

170 1201 287 1254 sors
336 1202 500 1254 frater
519 1240 534 1265 ,
572 1201 634 1254 in
682 1203 847 1272 patris
894 1201 1209 1271 potestatem
1248 1205 1632 1275 emancipatam

167 1273 348 1327 filiam
389 1275 699 1344 adoptionis
738 1278 920 1330 fraude
953 1292 1305 1329 revocaverat
1336 1317 1351 1341 ‚
1390 1279 1468 1330 Δδι
1507 1281 1636 1349 qui-

168 1350 295 1401 dem
328 1365 454 1400 cum
484 1348 676 1416 opibus
706 1349 1072 1418 amplissimis.
1098 1350 1219 1402 Fuit
1249 1351 1499 1420 alioquin
1524 1353 1634 1406 fra-

169 1421 348 1474 tribus
383 1421 494 1474 illis
531 1422 682 1492 quasi
716 1424 828 1477 fato
852 1425 1032 1476 datum
1053 1462 1068 1487 ,
1099 1437 1161 1476 ut
1184 1423 1379 1477 divites
1404 1423 1597 1479 fierent
1613 1467 1630 1493 ‚

169 1493 527 1547 invitissimis
551 1514 581 1548 a
612 1496 802 1565 quibus
832 1497 962 1555 facti⁴
981 1498 1119 1551 sunt.
1153 1497 1305 1564 Quin
1326 1499 1489 1551 etiam
1512 1501 1632 1553 Do·

168 1569 364 1621 mitius
387 1570 518 1621 Afer
541 1608 556 1633 ‚
590 1570 683 1638 qui
706 1569 831 1622 illos'
853 1568 911 1622 in
940 1587 1140 1623 nomen
1163 1570 1438 1640 affumpsit
1456 1613 1469 1637 ‚
1499 1573 1633 1626 reli-

170 1643 296 1711 quit
336 1641 707 1694 testamentum
732 1657 853 1696 ante
872 1643 1001 1695 osto
1021 1644 1274 1696 &decem
1297 1662 1468 1709 annos
1487 1658 1633 1699 uun-

167 1731 431 1784 cupatum
446 1755 460 1779 ‚
482 1718 720 1785 adeoque
732 1717 913 1785 postea
927 1717 1284 1785 improbatum
1304 1718 1406 1770 sibi
1423 1757 1437 1781 ‚
1451 1733 1516 1770 ut
1532 1737 1632 1789 pa-

168 1789 273 1842 tris
286 1805 481 1842 eorum
493 1790 633 1842 bona
643 1790 1017 1858 proscribenda
1027 1790 1310 1845 curaverit.
1326 1790 1469 1843 Mira
1482 1792 1631 1849 illius

168 1863 463 1932 asperitas,
498 1864 633 1934 mira
665 1864 1106 1918 felicitasz‘horum
1130 1884 1144 1918 ε
1170 1864 1314 1918 illius
1344 1867 1634 1935 asperitas,

166 1938 268 2006 qui
293 1954 526 1990 numero
543 1938 746 1991 civium
766 1939 990 1992 exscidit
1005 1974 1020 1997 ‚
1046 1956 1205 2007 quem
1228 1938 1432 1993 socium
1463 1940 1629 1995 etiam

168 2010 230 2063 in
254 2011 444 2064 liberis
461 2012 675 2072 habuit3
696 2012 921 2065 felicitas
941 2013 1136 2065 horum
1158 2053 1174 2077 ,
1198 2014 1390 2082 quibus
1416 2013 1634 2067 ‘succes-

170 2084 245 2137 sit
281 2084 343 2136 in
378 2086 560 2136 locum
597 2086 763 2154 patris
786 2125 800 2149 ,
834 2086 927 2154 qui
951 2103 1155 2154 patrem
1189 2086 1480 2141 abstulerat.
1525 2089 1631 2142 Sed

168 2158 288 2210 haec
313 2175 532 2227 quoque
557 2158 819 2210 hereditas
844 2159 959 2212 Afri
971 2161 991 2221 ',
1015 2174 1073 2211 ut
1098 2160 1301 2228 reliqua
1325 2161 1449 2212 cuin
1468 2161 1630 2215 fratre
1725 2216 1741 2234 ‚

170 2231 435 2299 quaesita,
467 2232 867 2284 transmittenda
899 2247 1010 2284 erat
1050 2232 1176 2285 filiae
1211 2231 1426 2298 fratris,
1453 2251 1482 2286 a
1510 2252 1628 2304 quo

167 2306 368 2357 Tullus
401 2321 473 2356 ex
495 2303 595 2357 affe
625 2306 778 2357 heres
809 2304 1107 2370 institutus,
1131 2307 1480 2376 praelatusque
1500 2306 1631 2364 filiae
1668 2316 1673 2321 '

166 2379 380 2441 fuerat,
416 2392 478 2429 ut
506 2377 899 2436 conciliaretur.
956 2378 1085 2446 Qui>
1117 2380 1429 2433 laudabilius
1467 2381 1626 2435 testa·

166 2465 422 2504 mentum
446 2450 520 2518 est
540 2491 555 2514 ,
592 2453 737 2519 quod
765 2453 934 2521 pietas
955 2492 971 2516 ‚
995 2451 1125 2505 fides
1141 2493 1156 2517 ‚
1188 2455 1360 2522 pudor
1380 2453 1626 2522 scripsit:

167 2524 378 2594 nquoj
400 2524 632 2594 de‘n'ique
650 2526 901 2577 omnibus
929 2525 1263 2580 affinitatibus
1285 2566 1301 2591 ‚
1333 2543 1435 2594 pro
1458 2527 1630 2592 cujus-

133 2605 282 2668 ·ςὶιό
312 2589 546 2666 dificia,
588 2598 762 2668 gratia⁴
783 2602 944 2651 relata
978 2598 1087 2652 ei’ct.¹
1111 2600 1296 2653 Relata
1335 2600 1387 2651 &
1424 2601 1587 2653 uxori
1609 2620 1629 2656 τ

159 2670 388 2741 ‘Recepit
419 2672 842 2726 ‚amoenissimas
871 2671 1030 2725 villas
1061 2713 1079 2737 ,
1128 2672 1332 2742 accepit
1380 2690 1626 2743 magnam

151 2763 162 2770 ’
249 2753 252 2754 ’
355 2743 630 2799 iam³uxor
652 2747 858 2815 optima
879 2748 932 2799 &
949 2747 1338 2815 patientissima
1356 2764 1454 2806 ;·ac
1471 2747 1627 2801 tantt'r

139 2762 377 2872 ·ms
409 2820 476 2871 de
510 2821 634 2872 viro
649 2821 846 2872 ‘merita
869 2860 885 2885 ‚
919 2819 1123 2890 quant&
1157 2823 1323 2891 magis
1348 2819 1421 2872 est
1443 2837 1625 2889 repre-

169 2893 342 2949 hensa
367 2892 526 2962 -qubd
549 2893 768 2963 nupsit.'
788 2896 924 2946 Nam
949 2895 1141 2948 mulier
1174 2894 1431 2947 natalibus
1456 2897 1594 2948 clara
1609 2936 1627 2960 ‚

1211 2969 1254 3020 L
1277 2966 1335 3034 vj
1398 2979 1401 2982 '
