1951 3720
357 291 450 381 '48
678 292 949 358 CAII
1029 289 1459 357 PLINJI

359 409 454 472 mi,
470 407 648 461 triduo
672 408 874 471 vocari,
888 407 1067 460 triduo
1082 407 1366 462 contineri.
1386 411 1656 460 Cornutus
1671 405 1803 458 Ter-

359 486 522 535 tullus
535 499 646 534 eos.
669 482 972 551 designatus
994 520 1009 545 ‚
1033 482 1121 533 vir
1152 481 1396 552 egregius
1418 520 1433 544 ,
1460 483 1514 533 δε
1533 497 1636 548 pro
1660 479 1803 530 veri·

360 569 467 607 rate
483 555 820 607 firmissimus
841 593 856 618 ‚
876 555 1090 617 'censuit
1126 554 1458 624 septingenta
1479 554 1652 606 millia
1685 570 1803 620 qua:

358 644 631 696 acceperat
657 629 865 679 Marius
884 667 899 690 ‚
932 631 1120 680 aerario
1142 627 1412 680 inferenda
1432 645 1450 686 ·,
1471 627 1654 679 Mario
1676 627 1806 677 urbe

357 701 615 769 Italiaque
633 701 1084 760 interdicendum·‚
1107 701 1386 753 Marciano
1407 701 1513 752 hoc
1537 697 1766 767 amplius
1789 736 1805 762 ‚

360 774 556 828 Africa.
597 776 660 826 In
700 773 808 826 fine
842 774 1115 826 sententiae
1154 773 1375 839 adjecit,
1421 771 1565 842 quod
1599 788 1703 841 ego
1755 773 1808 823 δι’.

361 847 578 899 Tacitus
611 846 846 912 injunEka
883 848 1235 899 advocatione
1278 846 1559 915 diligenter
1596 847 1651 897 &
1691 845 1804 896 for-

361 919 488 971 titer
530 921 697 972 funffl
743 918 1003 984 essemus,
1038 919 1277 972 arbitrari
1315 920 1551 972 senatum
1587 918 1661 970 ita
1702 934 1805 970 nos

361 992 568 1057 fecisse,
583 1008 641 1045 ut
660 994 877 1063 dignum
898 993 1156 1048 mandatis
1175 993 1409 1062 partibus
1427 992 1604 1046 fuerit.
1626 990 1811 1043 Assen-

360 1066 542 1118 serunt
577 1067 818 1119 consules
860 1066 1153 1136 designati,
1186 1083 1375 1119 omnes
1423 1066 1583 1118 etiam
1620 1064 1807 1116 consu-

358 1142 498 1192 lares
521 1141 686 1209 usque
719 1141 782 1192 ad
802 1141 1119 1208 Pompeium
1156 1142 1467 1208 Collegam:
1496 1132 1587 1190 ille
1612 1138 1665 1189 &
1695 1137 1808 1205 sep-

362 1213 604 1283 tingenta
635 1213 841 1277 millia,
871 1231 989 1282 quae
1031 1227 1300 1281 acceperat
1332 1213 1573 1274 Marius,
1617 1210 1807 1263 aerario

364 1285 663 1350 inferenda,
692 1287 745 1338 ὅ(
775 1287 1153 1339 Marcianum
1139 1304 1198 1337 111
1229 1285 1654 1355 quinquennium
1678 1286 1807 1336 rele-

364 1360 592 1428 gandum
613 1399 628 1422 ,
664 1359 898 1412 Marium
933 1361 1341 1427 repetundarum
1378 1375 1555 1427 poenae
1587 1397 1603 1422 ‚
1648 1373 1808 1426 quam

363 1431 470 1496 jam
515 1432 686 1500 pafi‘us
729 1432 855 1485 effer
875 1472 890 1496 ‚
927 1432 1129 1498 censuit
1170 1432 1593 1501 relinquendum.
1646 1432 1808 1491 Erant

363 1505 424 1556 in
446 1520 666 1574 utraque
689 1506 947 1559 sententia
972 1505 1165 1568 multi,
1197 1505 1408 1559 fortass'e
1444 1504 1606 1558 etiam
1626 1506 1809 1573 plures

365 1577 424 1629 in
447 1579 545 1631 hac
582 1581 673 1632 vel
706 1579 963 1632 solutiore
995 1581 1086 1631 vel
1119 1581 1405 1632 mollioret
1439 1595 1562 1631 nam
1593 1577 1810 1646 quidam

365 1668 436 1702 ex
470 1651 577 1705 illis
600 1669 815 1721 quoque
831 1691 846 1715 ,
867 1652 960 1721 qui
986 1655 1229 1705 Cornuto
1247 1651 1561 1705 videbantur
1583 1649 1776 1702 affensi
1792 1689 1809 1714 ,

365 1726 504 1779 hunc
525 1725 619 1795 qui
654 1724 771 1794 post
795 1726 940 1794 ipsos
960 1726 1231 1779 censuerat
1251 1763 1266 1788 ‚
1308 1725 1672 1794 sequebantur.
1707 1724 1811 1775 Sed

366 1816 531 1867 quum
561 1798 716 1852 fieret
750 1799 1002 1852 discessio
1022 1839 1036 1864 ,
1076 1799 1170 1868 qui
1201 1798 1343 1851 sellis
1362 1799 1642 1851 consulum
1663 1795 1811 1848 adsti-

362 1887 541 1924 .terant
555 1912 570 1937 ‚
592 1873 650 1925 in
671 1872 898 1925 Cornuti
917 1873 1232 1925 sententiam
1252 1872 1329 1925 ire
1348 1878 1645 1940 coeperunt.
1667 1872 1810 1924 Tum

367 1945 448 1997 illi
488 1946 581 2015 qui
617 1946 671 1998 se
713 1948 947 2015 Collegae
977 1945 1307 1998 adnumerari
1341 1945 1673 2017 patiebantur
1696 1983 1713 2007 ‚
1754 1944 1810 1997 in

364 2018 636 2071 diversum
659 2019 980 2071 transierunt
1004 2039 1017 2072 ι
1059 2021 1280 2088 Collega
1310 2036 1431 2071 cum
1451 2018 1631 2087 paucis
1660 2018 1811 2070 relic,-

366 2106 470 2145 tus.
493 2093 729 2144 Multum
761 2092 939 2160 postea
971 2094 1035 2145 de
1058 2092 1433 2160 impulsoribus
1458 2092 1594 2155 suis,
1619 2091 1808 2159 praeci·

364 2164 473 2234 pue
499 2167 564 2218 de.
581 2166 826 2235 Regulo,
859 2166 1068 2234 questus
1086 2164 1192 2229 est,
1227 2165 1321 2234 qui
1344 2165 1431 2219 se
1417 2183 1477 2216 ιιι
1509 2164 1771 2217 sententia
1790 2203 1807 2228 ,

367 2256 526 2305 quam
567 2238 678 2306 ipse
717 2237 1040 2302 diEtaverat,
1073 2237 1390 2292 deseruiffet.
1441 2238 1525 2294 Est
1566 2238 1810 2306 alioquin

367 2312 576 2381 Regulo
619 2325 729 2363 tam
776 2312 974 2365 mobile
1032 2311 1307 2381 ingenium
1340 2350 1357 2374 ‚
1407 2327 1467 2363 ut
1520 2311 1809 2396 plurimum

368 2386 590 2448 audeat,
618 2385 906 2452 plurimum
938 2385 1140 2438 timeat.
1185 2386 1289 2437 Hic
1318 2384 1443 2437 finis
1475 2382 1809 2455 cognitionis

367 2458 744 2525 amplissimae.
767 2458 995 2526 superest
1013 2473 1191 2511 tamen
1212 2474 1319 2517 λης
1329 2454 1493 2531 §mm
1515 2475 1628 2511 non
1648 2459 1774 2511 leve
1792 2495 1808 2522 ‚

369 2536 629 2589 Hostilius
670 2537 975 2603 Firminus,
1017 2541 1218 2608 legatus
1258 2538 1421 2589 Marii
1461 2536 1627 2589 Prisci
1647 2575 1663 2599 ,
1715 2537 1811 2605 qui

370 2609 646 2679 permistus
685 2612 848 2663 causae
870 2651 885 2673 ‚
922 2612 1155 2681 graviter
1175 2612 1626 2678 vehementerque
1649 2627 1810 2662 vexa·

370 2699 457 2735 tus
475 2683 565 2736 est.
593 2685 730 2735 Nam
753 2686 806 2737 &
824 2684 1116 2737 rationibus
1133 2684 1392 2736 Marciani
1411 2723 1429 2747 ,
1460 2683 1513 2735 &
1532 2684 1778 2737 sermone
1792 2722 1807 2746 ,

368 2774 532 2825 quem
552 2758 641 2808 ille
659 2757 906 2810 habuerat
926 2758 984 2809 in
1014 2757 1200 2810 ordine
1222 2758 1626 2826 Leptitanorum
1646 2796 1662 2819 ‚
1686 2773 1810 2823 ope·

372 2847 485 2882 ram
531 2831 675 2882 suam
722 2831 897 2884 Prisco
941 2833 1006 2882 ad
1046 2830 1413 2899 turpissimum
1461 2828 1809 2882 ministerium

372 2902 728 2959 commodasse
745 2944 760 2969 ,
776 2904 1147 2974 stipulatusque
1178 2906 1239 2958 de
1261 2903 1535 2957 Marciano
1559 2902 1826 2976 quinqua-3

1668 2990 1811 3047 ginta
