1951 3720
365 224 1166 322 EprsroLAE.Lib.
1207 251 1345 324 IX.
1449 274 1587 352 275

140 387 271 428 nore
293 389 420 427 cum
446 374 612 426 taedio
633 374 918 436 recubant,
942 390 1101 442 quam
1123 388 1183 426 tu
1201 373 1332 443 ista(
1352 374 1426 427 sic
1446 375 1595 428 enim

139 448 420 517 appelias)
443 448 705 518 prodigia
744 412 1014 516 perpe'fl'us
1051 465 1142 501 es.
1131 450 1150 486 ²
1182 449 1388 501 Demus
1430 449 1594 519 igitur

142 523 332 575 ahenis
368 522 813 574 obleGationibus
853 521 1115 588 veniam,
1152 538 1214 574 ut
1255 522 1446 575 nostris
1488 523 1593 576 im-

143 611 440 665 petremus.
464 597 623 650 Vale.

208 716 468 770 XVIII.
524 717 844 770 Putuus
892 718 1194 771 §Asino
1249 732 1396 771 suo
1428 720 1503 795 ,8.

375 833 626 905 Mss'urum
649 834 706 905 se
733 838 977 907 promittit
1006 838 1202 891 libellos
1223 837 1360 907 suos.

146 909 239 1030 Q
263 974 309 1011 u
331 973 372 1010 Α
417 959 721 1013 intentione
747 1000 762 1024 ,
805 978 914 1031 quo
954 961 1126 1015 studio
1160 1002 1175 1026 ,
1214 961 1320 1031 qua
1362 962 1593 1033 denique

142 1033 412 1087 memoria
431 1034 624 1104 legeris
642 1034 853 1087 libellos
874 1052 1025 1088 meos
1040 1075 1056 1099 ,
1072 1035 1292 1104 epistola
1312 1051 1400 1090 tua
1423 1037 1596 1090 osten-

142 1108 232 1162 dit.
271 1108 396 1175 Ipse
423 1107 585 1177 igitur
612 1107 831 1161 exhibes
861 1108 1140 1178 negotium
1163 1111 1261 1161 tibi
1281 1150 1297 1174 ,
1322 1111 1415 1179 qui
1439 1112 1593 1163 elicis

143 1182 193 1233 &
213 1180 455 1243 invitas,
486 1196 546 1232 ut
581 1183 968 1250 quamplurima
997 1184 1393 1235 communicare
1413 1198 1591 1236 tecum

142 1256 331 1308 velim.
375 1253 614 1318 Faciam,
643 1271 740 1323 per
774 1270 950 1323 partes
977 1272 1187 1319 tamen,
1223 1258 1276 1309 δι
1317 1258 1468 1326 quasi
1511 1257 1594 1308 di-

142 1328 278 1397 gesta
304 1366 320 1391 ,
352 1345 425 1379 ne
470 1326 618 1380 istam
657 1328 826 1396 ipsam
869 1328 1184 1381 memoriam
1212 1370 1227 1393 ,
1271 1332 1357 1382 cui
1400 1329 1594 1401 gratias

143 1402 274 1471 ago,
298 1402 609 1454 assiduitate
643 1401 696 1453 δε
714 1401 869 1470 copia
895 1404 1101 1454 turbem
1125 1442 1139 1467 ,
1172 1419 1554 1473 oneratamque
1580 1442 1596 1467 ,

99 1540 109 1550 ι
144 1475 194 1526 &
218 1475 378 1543 quasi
407 1474 702 1543 oppreffarn
725 1491 911 1544 cogam
932 1475 1173 1544 pluribus
1195 1477 1401 1547 singula
1423 1518 1439 1543 ,
1466 1477 1599 1545 pos-

144 1548 434 1601 terioribus
456 1549 636 1617 priora
656 1548 942 1603 dimittere.
984 1549 1142 1603 Vale.

259 1669 446 1722 XIX.
487 1668 822 1721 Primus
860 1667 1180 1720 Rurotu
1235 1682 1383 1721 suo
1423 1671 1482 1723 S.

217 1793 362 1867 Quid
400 1794 456 1842 de
495 1790 716 1859 Virgt'nIo
751 1792 796 1841 ἃ
827 1789 1064 1845 Frontino
1092 1785 1276 1857 sentiat
1295 1824 1314 1848 ,
1352 1789 1526 1859 aperit.

535 1887 757 1945 Videz,
804 1888 968 1947 136·
1005 1887 1081 1948 6,
1126 1902 1214 1939 ιο.

151 1977 206 2069 S
227 2029 254 2065 1
272 2027 314 2066 G
332 2028 374 2064 Ν
390 2028 414 2064 1
432 2027 463 2065 ι·
481 2026 504 2063 1
522 2026 557 2064 c
575 2026 616 2064 A
633 2028 661 2064 s
703 2010 884 2081 legiffe
921 2025 975 2063 te
1019 2010 1079 2063 in
1114 2012 1338 2081 quadam
1379 2010 1599 2080 epistola

147 2105 263 2215 ἷζε
273 2084 546 2213 fnium-Siste
589 2085 901 2156 virginium
935 2086 1135 2138 Rufum
1171 2085 1388 2138 inscribi
1421 2086 1604 2155 sepul-

214 2258 323 2310 Hic
339 2257 460 2307 sicus
483 2257 548 2318 est
569 2255 761 2322 Rufus,
789 2254 931 2326 pulso
961 2230 1042 2324 qui
1070 2256 1273 2308 Vindice
1294 2259 1528 2324 quondan
1589 2281 1594 2290 ·

294 2330 551 2400 Imperium
571 2329 761 2397 affetuir
783 2348 878 2381 non
901 2330 1035 2390 sibi,
1057 2328 1147 2397 sed
1162 2337 1352 2398 partia.

148 2427 520 2499 Reprehendis
572 2425 718 2496 quod
751 2424 989 2491 jufferit:
1028 2426 1174 2478 addis
1215 2426 1378 2479 etiam
1414 2427 1604 2481 melicis

147 2502 457 2571 reait'tsque
505 2500 865 2564 Frontinum,
910 2498 1055 2568 quod
1099 2501 1334 2552 vetuerit
1375 2503 1604 2553 omnino

150 2589 568 2630 monumentum
590 2573 692 2627 sibi
704 2573 855 2635 steri3
871 2589 1062 2642 meque
1082 2576 1146 2626 ad
1160 2589 1460 2626 extremum
1477 2576 1607 2643 quid

151 2653 214 2704 de
235 2665 472 2719 utroque
511 2647 735 2700 sentiam
773 2612 1027 2700 co’nsulis.
1067 2649 1368 2717 Utrumque
1404 2648 1612 2706 dilexi3

153 2724 379 2778 miratus
420 2723 535 2774 sum
558 2723 761 2791 magis,
792 2736 950 2790 quem
971 2733 1031 2772 tu
1053 2721 1428 2789 reprehendis,
1453 2736 1613 2788 atque

155 2798 232 2849 ita
254 2798 524 2859 miratus,
557 2810 619 2847 ut
643 2813 755 2848 non
777 2810 1019 2864 putarem
1058 2793 1181 2847 satis
1217 2809 1468 2861 umquam
1501 2797 1619 2846 lau-

157 2870 273 2924 dari
305 2868 494 2939 poss'e,
530 2868 680 2936 cujus
715 2885 857 2922 nunc
895 2868 1029 2920 mihi
1068 2869 1371 2993 subeulexda
1370 2866 1614 2919 defensio

1315 2956 1379 3006 Vl
