1951 3720
422 249 996 321 EftsroLAE.
1029 245 1298 331 Lib.x‚
1451 264 1596 344 325·

254 367 502 439 LXIV.
546 369 807 423 Fuluus
847 369 1157 425 Tauno
1182 371 1419 427 imm.
1457 370 1515 425 S.

557 490 645 541 De
686 490 982 554 restitucione
1019 487 1213 558 exsulis.
1282 488 1287 493 '

153 580 215 684 S,
236 640 575 693 υΜΜΑε,
613 629 899 693 Domine,
936 628 1128 698 gratias
1166 646 1310 699 ago,
1346 627 1438 698 qui
1469 628 1611 685 intet-

147 702 424 754 maximas
459 704 881 770 occupationes,
910 702 1018 766 iis,
1058 705 1120 755 de
1160 702 1348 772 quibus
1383 718 1435 755 te
1474 721 1608 757 con-

148 771 297 826 sului
323 813 338 837 ,
385 791 471 827 me
526 792 741 844 quoque
793 792 974 845 regere
1030 775 1270 846 dignatus
1312 791 1414 828 es·
1402 811 1418 835 ‚
1466 777 1612 861 quod

149 863 301 899 nunc
337 864 555 916 quoque
596 849 756 901 facias
799 866 953 918 rogo,
998 850 1146 902 Adiit
1181 849 1327 900 enim
1364 866 1448 900 me
1482 849 1609 917 qui-

152 921 277 972 dam
300 960 317 985 ,
355 920 718 990 indicavitque
745 962 761 985 ,
791 923 1119 974 adversarios
1162 922 1285 975 suos
1317 939 1346 973 a
1376 922 1612 975 Servilio

157 994 337 1046 Calvo
372 1034 387 1058 ,
428 995 727 1047 clarissimo
760 995 885 1047 viro
911 1036 927 1061 ‚
968 996 1028 1047 in
1073 995 1364 1047 triennium
1402 997 1613 1064 relega-⁶

154 1078 247 1117 tos
272 1105 288 1130 ‚
325 1068 386 1119 in
418 1068 702 1136 provincia
725 1069 957 1121 morari:
983 1068 1064 1122 illi
1086 1070 1269 1122 contra
1291 1108 1305 1132 ,
1331 1070 1393 1120 ab
1419 1071 1612 1125 eodem

156 1139 212 1190 se
256 1138 527 1193 restitutos
565 1142 955 1194 affirmaverunt
979 1182 994 1205 ‚
1035 1141 1370 1211 ediuumque
1412 1141 1612 1194 recita·

157 1226 397 1266 verunt:
424 1215 527 1282 qua
564 1216 717 1267 causa
754 1214 1093 1267 neceffarium
1117 1216 1315 1266 credidi
1342 1254 1356 1277 ,
1393 1233 1506 1268 rem
1532 1213 1613 1277 inf

157 1299 370 1356 tegram
414 1289 478 1338 ad
510 1302 563 1338 te
601 1289 812 1340 referre.
853 1288 991 1340 Nam
1034 1291 1170 1341 sicut
1205 1288 1464 1340 mandatis
1504 1289 1612 1341 tuis

162 1376 382 1413 cautum
400 1359 509 1423 est,
531 1377 597 1412 ne
620 1360 884 1414 restituam
915 1365 979 1413 ab
1002 1362 1146 1426 alio,
1181 1377 1270 1414 aut
1295 1379 1325 1414 a
1361 1376 1446 1414 me
1471 1364 1613 1415 rele-

163 1446 358 1504 gatos·
346 1469 362 1493 ‚
395 1433 467 1485 ita
490 1435 590 1485 de
577 1433 681 1498 iis,
715 1452 850 1503 quos
885 1435 1018 1488 alius
1055 1435 1373 1507 relegaverit
1399 1437 1451 1488 &
1470 1434 1618 1488 resti·

162 1507 368 1571 tuerit,
403 1505 555 1558 nihil·
572 1508 1011 1575 comprehensum
1047 1509 1136 1562 est.
1185 1510 1315 1561 Ideo
1353 1525 1452 1572 tu,
1485 1510 1611 1563 Do-

165 1581 315 1633 mine
349 1619 365 1644 ‚
408 1580 758 1633 consulendus
804 1582 944 1633 fuisti
983 1622 1000 1646 ,
1043 1582 1169 1650 quid
1209 1583 1487 1635 observare
1525 1596 1614 1636 me

162 1656 341 1706 velles
364 1693 380 1718 ‚
410 1667 519 1705 tam
555 1655 767 1706 hercule
802 1656 864 1706 de
905 1654 990 1706 his
1013 1694 1027 1718 ,
1066 1670 1223 1722 quam
1259 1657 1323 1705 de
1373 1654 1478 1705 illis
1519 1654 1615 1722 qui

163 1726 227 1779 in
284 1743 604 1796 perpetuum
659 1727 878 1796 relegati
926 1744 1026 1780 nec
1078 1726 1340 1789 restituti,
1379 1727 1434 1776 in
1487 1743 1617 1794 pro-

161 1801 355 1854 vincia
376 1801 856 1886 deprehenduntur.
887 1803 1027 1856 Nam
1044 1801 1155 1852 haec
1180 1816 1392 1883 quoque
1414 1800 1616 1867 species

163 1874 398 1928 incidit
382 1892 445 1927 m
462 1875 831 1946 cognitionem
854 1892 1044 1929 meam.
1082 1874 1167 1927 Est
1196 1874 1341 1925 enim
1365 1872 1622 1928 adductus

164 1952 229 2001 ad
269 1966 360 2001 me
391 1948 451 2000 in
471 1965 788 2018 perpetuum
812 1952 1073 2020 relegatus
1097 1966 1126 2000 a
1150 1948 1178 2002 J
1183 1947 1297 1999 ulto
1317 1946 1467 1998 Baffo
1486 1964 1621 2022 pro-

165 2023 409 2075 consule.
448 2023 598 2091 Ege,
626 2023 750 2091 quia
784 2022 1008 2075 sciebam
1042 2021 1153 2075 asta
1189 2020 1338 2073 Bassi
1377 2019 1578 2072 resciffa
1603 2060 1621 2087 ‚

166 2098 460 2166 datumque
494 2112 523 2147 a
559 2095 777 2149 senatu
765 2113 847 2161 Jus
882 2097 1172 2158 omnibus,
1210 2096 1273 2146 de
1305 2093 1494 2162 quibu's
1527 2095 1620 2147 ille

165 2170 375 2238 aliquid
413 2168 795 2234 constituiss‘et‚
818 2185 889 2221 ex
913 2170 1122 2239 integro
1154 2167 1341 2238 agendi
1366 2169 1620 2220 duntaxat

164 2261 263 2312 per
301 2242 582 2295 biennium
620 2282 632 2306 ,
677 2242 1004 2311 interrogavi
1041 2245 1181 2294 hunc
1224 2258 1383 2309 quem
1426 2237 1624 2312 relega·

163 2332 362 2379 verat,
401 2332 467 2368 an
508 2315 744 2379 adiifl‘et,
794 2314 1153 2384 docuiffetque
1203 2316 1621 2382 proconsulem·

165 2388 415 2461 negavit.
455 2390 554 2441 Per
579 2391 722 2460 quod
742 2386 990 2441 effestum
1013 2387 1086 2440 est
1106 2402 1167 2440 ut
1186 2401 1238 2438 te
1258 2387 1586 2442 consulerem
1603 2425 1622 2453 ,

164 2464 501 2516 reddendum
539 2480 661 2514 eum
684 2478 859 2530 poenae
883 2461 1024 2525 suae,
1044 2477 1111 2512 an
1134 2460 1345 2530 gravius
1383 2460 1620 2545 aliquid,

169 2538 225 2590 &
262 2536 400 2605 quid
429 2535 786 2619 potissimum
799 2533 1223 2586 constituendum
1253 2549 1464 2601 putares
1488 2534 1575 2585 &
1560 2549 1625 2586 m.

166 2610 347 2673 hunc,
387 2609 442 2660 ὅτ.
477 2609 533 2660 in
570 2626 665 2661 eos
687 2648 702 2672 ,
745 2608 790 2662 si
829 2609 921 2675 qui
956 2605 1096 2659 forte
1144 2607 1201 2658 in
1234 2606 1398 2659 simili
1434 2606 1624 2660 condi-

168 2682 329 2736 tione
351 2682 740 2734 invenirentur.
782 2683 1073 2733 Decretum
1096 2679 1249 2731 Calvi
1280 2681 1331 2731 δι
1350 2679 1579 2734 edictum
1600 2715 1622 2743 2

167 2755 307 2810 item
343 2758 617 2818 decretum
652 2755 801 2810 Bassi
836 2754 922 2807 his
959 2752 1157 2807 litteris
1181 2749 1399 2818 subjeci.
