1951 3720
281 328 740 404 ΤὶιΑῙΑΝο
803 334 1223 405 Durus,
1337 350 1478 432 357

74 454 317 508 :oncordia
340 492 357 517 ,
385 446 715 524 quantusque
751 468 1042 508 concentus
1080 454 1325 508 omnium
1360 458 1480 509 lau..

74 530 164 580 lum
184 568 199 593 ‚
221 528 504 597 omnisque
546 529 731 595 gloriae
765 529 1030 598 contigit!
1059 543 1118 580 ut
1151 530 1283 580 nihil
1322 529 1498 582 seve·‘

74 602 184 653 ritati
211 601 320 667 ejus
339 601 609 657 hilaritate
626 642 640 665 ‚
661 603 793 654 nihil
830 602 1081 672 gravitati
1103 602 1443 669 simplicitate
1461 640 1482 667 ,

74 674 175 726 nihil
210 674 462 734 maiestati
504 676 829 728 humanitate
860 677 1190 728 detrahitur!
1229 676 1347 729 Jam
1384 674 1499 745 fir-⁸

74 749 196 800 mitas
219 789 232 811 ‚
272 747 374 812 jam
407 750 701 817 proceritas
733 748 977 817 corporis
1000 788 1015 811 ‚
1048 749 1152 813 jam
1182 749 1360 799 honor
1392 766 1481 802 ca-

74 821 207 887 pitis,
242 822 291 874 &
314 822 546 892 dignitas
589 822 730 886 oris,
772 825 834 875 ad
875 826 974 874 hoc
1005 821 1176 875 aetatis
1218 818 1495 874 indeflexa

74 894 338 959 mnnita,
377 912 478 947 nec
516 895 635 948 sine
672 898 898 964 quodam
924 912 1142 947 munere
1161 896 1313 946 deum
1337 894 1499 965 festi·-

76 967 187 1019 natis
215 968 497 1021 senestutis
531 968 827 1038 insignibus
859 971 922 1020 ad
960 971 1250 1037 augendam
1290 969 1483 1027 mases-

76 1055 203 1092 tatem
224 1043 655 1099 ornatacaesaries
677 1081 694 1106 ,
712 1060 892 1095 nonne
906 1041 1070 1113 longe
1093 1040 1305 1110 late'que
1329 1041 1487 1094 Prin·

81 1129 175 1181 pem
206 1116 461 1168 ostentant
486 1119 507 1169 ἓ
1494 1168 1506 1181 .

136 1188 196 1240 V.
230 1191 410 1242 Talem
435 1188 542 1243 ess‘e
564 1189 807 1258 oportuit
830 1230 843 1253 ‚
880 1207 1040 1259 quem
1065 1205 1178 1241 non
1198 1189 1333 1241 belia
1353 1188 1488 1243 civi·

82 1258 167 1322 lia,
196 1278 285 1314 nec
329 1264 492 1316 armis
537 1264 777 1332 oppreffa
816 1265 1103 1332 respublica
1125 1302 1139 1326 ‚
1169 1265 1256 1314 sed
1293 1281 1395 1331 pax
1431 1264 1507 1315 &v

86 1335 263 1401 adoptio
286 1376 299 1399 ‚
340 1337 389 1389 &
425 1339 644 1390 tandem
685 1353 903 1391 exorata
942 1336 1098 1389 terris
1138 1336 1355 1388 numina
1393 1338 1510 1407 deq

87 1406 250 1459 diffent.
293 1411 374 1461 An
395 1411 473 1463 fas
518 1426 630 1462 erat
658 1411 792 1463 nihil
830 1409 1040 1463 differre
1077 1412 1216 1461 inter
1252 1410 1487 1478 impera-

89 1492 224 1532 torem
258 1499 407 1551 quem
445 1484 701 1536 homines
728 1524 741 1547 ‚
789 1485 841 1536 δι
879 1501 1039 1553 quem
1080 1483 1155 1534 dii
1190 1482 1425 1538 feciffent
1462 1485 1487 1537 ἓ

91 1568 272 1618 quorum
305 1557 525 1626 quidem
551 1560 606 1610 in
635 1573 687 1609 te
704 1597 720 1622 ‚
745 1557 914 1609 Caesar
938 1555 1166 1626 Auguste
1188 1595 1203 1618 ‚
1228 1554 1486 1619 iudicium

93 1625 133 1674 &
162 1627 292 1680 favor
318 1645 444 1682 tunc
475 1630 654 1684 statim
675 1671 691 1695 ,
731 1648 892 1700 quum
931 1633 996 1682 ad
1025 1629 1319 1682 exercitum
1358 1646 1513 1697 pro-·

95 1696 350 1755 ficiscereris
376 1743 390 1767 ‚
415 1705 466 1758 &
487 1705 706 1774 quidem
729 1705 993 1757 inusitato·
1016 1702 1218 1754 indicio
1255 1703 1490 1758 enotuit.
1512 1760 1516 1769 ,

97 1770 202 1824 Nam
230 1791 426 1830 ceteros
459 1778 738 1848 Principes
769 1794 858 1830 aut
893 1780 1067 1846 largus
1108 1792 1266 1826 cruor
1298 1774 1515 1844 hostiag

98 1856 218 1910 mm,
247 1865 328 1903 aut
362 1846 825 1905 sinister-‘volatus
868 1851 1051 1903 avium
1092 1849 1492 1903 consulentibus

101 1922 321 1976 nuntiavit
354 1945 367 1978 ε
399 1927 530 1978 ‘tibi
561 1926 907 1979 ‘adscendenti
958 1927 1022 1977 de
1072 1940 1223 1976 more
1269 1923 1519 1992 Ct'ipito-¹

103 1990 201 2045 lium
219 2035 231 2057 ‚
254 2015 568 2069 quamquam
595 2016 706 2051 non
732 2001 788 2051 id
815 1999 1085 2070 agentium
1109 2037 1122 2059 ,
1163 1996 1364 2050 civium
1397 1998 1521 2066 clay

107 2081 223 2130 mor,
254 2075 316 2122 ut'
334 2072 436 2137 jam
463 2073 702 2142 Principi
728 2113 743 2138 ‚
772 2073 1020 2126 occurrit.
1061 2071 1119 2124 Si
1149 2071 1362 2141 quidem
1385 2088 1521 2142 οιῐι-ν

110 2138 172 2190 nis
203 2146 333 2197 turba
372 2164 489 2215 quae
536 2148 703 2198 limen
747 2147 1008 2198 insederat
1039 2184 1054 2209 ‚
1106 2148 1169 2197 ad
1212 2143 1499 2215 ingressum

112 2225 225 2265 tuum
253 2218 443 2271 foribus
475 2220 697 2272 reclusis
719 2260 732 2284 ‚
774 2221 863 2272 illa
898 2220 1112 2288 quidem
1136 2234 1196 2271 ut
1218 2234 1343 2271 tunc
1368 2220 1504 2271 arbi·

114 2288 326 2355 trabatur,
369 2295 526 2346 deum
553 2334 567 2357 ‚
604 2294 838 2346 ceterum
863 2332 880 2358 ,
917 2308 977 2345 ut
1011 2293 1193 2345 docuit
1230 2308 1457 2347 eventus
1483 2332 1505 2359 ‚

115 2369 153 2439 ῖς
178 2364 506 2420 consalutavit
526 2369 938 2436 imperatorem3
971 2383 1070 2417 nec
1107 2367 1261 2418 aliter
1281 2384 1310 2418 a
1346 2383 1525 2430 cunc·¹

116 2443 167 2482 ns
197 2452 340 2491 omen
374 2456 648 2509 acceptum
689 2440 779 2495 est.
851 2441 988 2492 Nam
1037 2439 1150 2508 ipse
1204 2437 1531 2510 intelligere.

116 2507 321 2565 nolebas:
352 2516 619 2566 recusabas
660 2515 804 2566 enim
853 2513 1117 2581 imperare
1143 2552 1157 2576 ‚
1195 2515 1511 2574 recusabas‘,

119 2584 230 2644 quod
274 2587 401 2639 bene
452 2602 565 2640 erat
617 2587 944 2655 imperaturi.
1018 2587 1187 2656 Igitur
1233 2590 1506 2656 cogendus

118 2650 240 2708 fuisti.
300 2661 433 2731 Cogi
482 2675 647 2729 porro
682 2678 795 2713 non
829 2677 1042 2728 poteras
1067 2699 1080 2721 ‚
1117 2660 1219 2711 nisi
1261 2662 1505 2728 periculo

119 2728 263 2807 mia
282 2734 330 2785 &
348 2737 624 2787 nutatione
646 2734 966 2803 reipublicae.
1006 2731 1340 2786 Obstinatum
1359 2735 1508 2787 enim

120 2799 195 2851 tibi
223 2821 323 2858 uon
366 2808 626 2877 suscipere
671 2808 954 2877 imperium
982 2847 997 2871 ‚
1040 2804 1145 2858 nisi
1193 2806 1537 2860 servandum.

121 2868 272 2931 fuiffet.
302 2882 477 2947 Quare
510 2899 612 2953 ego
636 2881 785 2934 illum
807 2881 980 2949 ipsum
999 2882 1234 2933 furorem
1271 2895 1537 2934 motum-2

123 2958 201 3012 que
234 2953 530 3010 castrensem
573 2972 698 3010 reor
732 2953 985 3010 exstitifl‘e
1007 2994 1024 3022 ,
1058 2953 1195 3026 quia'
1228 2953 1418 3027 magni
1451 2951 1533 3012 vi*
