1951 3720
313 269 679 341 Eptsro
704 288 865 346 ιι.
890 270 1274 352 Lib.VIII.
1338 302 1528 377 249

140 387 447 460 permitterem
488 391 730 447 induxit.'
776 398 905 449 Non
960 398 1084 452 ideo
1132 415 1311 454 tamen
1348 404 1526 458 velim

142 461 286 516 durior
322 463 464 518 fieri:
495 483 590 519 nec
633 468 828 538 ignoro
864 470 1001 525 alios
1031 472 1333 538 hujusmodi
1373 479 1527 531 casus

141 536 245 590 nihil
279 538 482 607 ampliixs
531 558 728 593 vocare
751 582 768 607 ,
801 544 961 612 quam
1008 545 1307 609 *damnum3
1343 548 1524 620 e6que

142 608 217 661 sibi
244 628 443 681 magnos
471 614 715 667 homines
755 617 808 668 &
850 618 1117 687 sapientes
1151 621 1344 680 videri.
1409 624 1527 692 Qui

142 698 191 733 an
210 685 360 753 magni
381 686 737 757 sapientesque
761 690 869 742 sint
887 693 1069 746 nescio
1091 713 1104 746 :
1133 695 1382 749 homines
1407 715 1522 752 non

141 755 244 808 sunt.
287 758 521 812 Hominis
560 762 632 813 est
667 764 813 814 enim
843 766 981 818 affici
1019 768 1206 820 dolore
1227 808 1242 832 ‚
1279 770 1473 823 sentire
1497 789 1520 831 ς

140 828 329 883 resistere
346 845 515 886 tamen
534 874 549 899 ,
578 837 631 887 ὅτ.
653 835 839 889 solatia
869 839 1146 893 admittere
1165 881 1181 905 ,
1210 859 1323 895 non
1338 882 1353 905 ‚
1378 844 1524 897 sola-

140 899 205 953 tiis
242 920 338 957 non
374 922 542 976 egere.
600 910 807 963 Verum
846 914 910 965 de
947 912 1032 966 his
1067 916 1220 983 plura
1264 915 1482 970 fortaffe
1500 956 1521 983 ,

140 973 258 1041 quam
274 978 413 1031 debui
434 1020 448 1044 ‚
468 982 555 1033 sed
568 983 844 1050 pauciora,
865 984 1026 1055 quam
1053 988 1227 1042 volui.
1265 988 1350 1041 Est
1371 991 1521 1043 enim

141 1050 325 1115 quaedam
358 1052 514 1106 etiam
550 1056 767 1109 dolendi
800 1062 1052 1127 voluptas
1080 1078 1096 1119 ;
1139 1062 1432 1129 praesertim
1469 1063 1524 1117 si

140 1117 182 1171 in
205 1124 337 1177 amici
356 1126 475 1179 sinu
496 1127 689 1183 defleas
709 1169 726 1194 ,
766 1134 903 1199 apud
935 1150 1096 1202 quem
1134 1136 1386 1205 lacrymis
1409 1137 1520 1191 tuis

140 1196 203 1246 vel
219 1198 313 1272 laus
344 1198 412 1252 sit
432 1216 610 1269 parata
631 1242 648 1268 ‚
677 1206 771 1257 vel
791 1205 972 1261 venia.
1012 1207 1171 1262 Vale.

185 1315 370 1376 XVII.
402 1321 735 1377 Pennus
774 1325 1160 1379 MAcmno
1202 1343 1350 1384 suo
1391 1332 1450 1387 S.

273 1443 447 1495 Narrat
476 1446 728 1515 exuadaffe
766 1447 972 1512 Tibesim
1010 1448 1061 1500 ἃ.
1086 1450 1343 1505 Anienem.

139 1521 217 1621 N
229 1579 263 1619 U
275 1581 321 1619 Μ
338 1567 444 1623 istic
462 1587 680 1639 quoque
699 1570 907 1623 immite
923 1572 977 1624 ὅ(
996 1573 1263 1626 turbidum
1283 1577 1481 1630 coefum
1498 1580 1527 1632 ἓ

134 1635 211 1690 Hic
226 1642 419 1695 assiduae
443 1645 778 1712 tempestates
795 1685 810 1708 ,
833 1645 886 1697 &
910 1647 1087 1709 crebra
1118 1648 1340 1702 diluvia.
1363 1651 1524 1703 Tibe-

134 1710 193 1762 ris
215 1716 398 1768 alveum
428 1717 696 1781 excessit,
731 1718 785 1769 δι
825 1718 1225 1772 demissioribus
1257 1721 1389 1790 ripis
1414 1724 1522 1778 alt‘e

134 1782 479 1853 superfunditur.
507 1794 847 1862 Quamquam
864 1791 1019 1856 foffa,
1047 1810 1206 1862 quam
1224 1795 1525 1864 providen-

133 1856 320 1931 tissimus
341 1864 631 1935 imperator
652 1865 779 1926 fiecit
792 1905 807 1929 ‚
838 1866 1117 1920 exhaustus
1138 1907 1154 1932 ‚
1183 1869 1381 1937 premit
1400 1874 1530 1925 val-

134 1931 189 1985 les
204 1973 217 1998 ,
241 1926 423 1992 iti‘natat
450 1940 693 2010 campis;
719 1937 928 2010 quaque
944 1942 1163 2010 planum
1182 1944 1357 1995 solum
1377 1983 1393 2008 ‚
1419 1961 1523 2014 pro

133 2004 227 2078 solo*
238 2013 467 2067 cernitur.
505 2016 637 2067 Inde
674 2031 791 2082 quae
827 2013 963 2066 solet
984 2014 1206 2068 flumina
1240 2016 1477 2086 accipere
1506 2057 1526 2084 ‚

134 2078 171 2130 &
191 2086 422 2150 permixta
457 2089 721 2153 devehere
742 2126 762 2151 ,
800 2090 949 2139 velut
980 2088 1174 2141 obvius
1212 2089 1392 2143 sistere
1422 2110 1524 2145 co-

132 2153 215 2220 gin
239 2173 377 2227 atque
416 2161 492 2214 ita
523 2160 712 2214 alienis
747 2160 898 2229 aquis
940 2162 1121 2229 operit
1156 2179 1342 2232 agros,
1381 2182 1524 2233 quos

131 2225 211 2294 ipse
238 2248 336 2284 non
368 2236 559 2305 tangit.
612 2234 756 2287 Anio
792 2233 1199 2288 delicatissimus
1234 2237 1472 2290 amnium
1504 2240 1525 2305 J,

130 2298 311 2380 ideoque
331 2306 684 2375 adiacentibus
707 2307 854 2360 villis
875 2310 1029 2359 velut
1060 2307 1323 2363 invitatus
1343 2327 1527 2365 reten-

130 2374 273 2444 tusque
292 2417 305 2441 ‚
340 2397 529 2452 magna
560 2397 631 2433 ex
662 2396 811 2449 parte
847 2397 1073 2434 nemora
1109 2383 1300 2450 quibus
1337 2384 1523 2438 inum·

127 2445 261 2501 bratur
291 2453 443 2523 fregit
466 2456 522 2508 δι
552 2454 761 2522 rapuit·,
784 2453 986 2508 subruit
1008 2470 1222 2508 montes
1243 2495 1259 2519 ‚
1293 2458 1346 2510 δι
1377 2460 1527 2512 deci-

128 2519 317 2576 dentium
337 2529 481 2581 mole
506 2528 744 2597 pluribus
767 2528 906 2580 locis
935 2528 1139 2581 clausus
1159 2568 1179 2593 ,
1201 2531 1325 2582 dum
1359 2533 1522 2587 amis-

125 2591 209 2646 sum
226 2596 317 2651 iter
336 2601 529 2669 quaerit
544 2641 559 2665 ‚
581 2600 795 2670 impulit
817 2600 952 2654 tecta
973 2641 988 2664 ‚
1015 2619 1073 2655 ac
1093 2602 1146 2655 se
1166 2603 1321 2671 super
1343 2605 1525 2659 ruinas

125 2664 245 2730 eiecit
271 2687 422 2741 atque
469 2675 681 2728 extulit.
733 2672 1002 2727 Viderunt
1021 2715 1037 2739 ‚
1077 2692 1214 2745 quos
1251 2679 1533 2731 excelsio-

124 2738 234 2794 ribus
253 2745 399 2799 terris
420 2744 511 2800 illa
541 2745 817 2816 tempestas
842 2749 1187 2816 deprehendit
1203 2789 1217 2812 ‚
1238 2750 1363 2802 alibi
1386 2750 1533 2803 divi-

122 2825 208 2866 tum
235 2834 504 2887 apparatus
526 2862 541 2886 ‚
577 2823 630 2874 &
674 2824 890 2891 gravem
927 2821 1310 2891 supelleetilem
1333 2841 1353 2882 ·‚
1398 2825 1534 2879 alibi

121 2882 421 2948 instrumenta
453 2894 591 2958 ruris
624 2914 640 2950 z
679 2894 754 2949 ibi
787 2896 989 2962 boves,
1022 2910 1218 3022 aratri,
1255 2895 1534 2961 rertes3

1224 2986 1264 3022 v
