1951 3720
451 265 1036 336 EPISTOLAE.
1074 264 1336 340 Lib.X.
1462 290 1633 368 ,2‘99

173 382 462 514 ξᾶνῖιιὶααε
493 386 627 441 mihi
658 388 817 458 quem
853 388 1174 461 longissime
1207 409 1485 449 occurrere
1520 396 1638 453 tibi.

295 479 345 515 e.

232 582 354 638 VI.
399 583 730 637 Pumus
770 584 1156 639 TRAJANO
1196 587 1466 644 Iutta.
1507 592 1564 646 S.

385 706 582 757 Medici
602 704 679 775 sui
707 707 988 776 propinquis
1019 708 1261 759 civitatem
1286 712 1435 778 petie.

170 791 536 886 PROXIMA
566 828 848 883 infirmitas
878 848 1026 895 mea,
1051 832 1295 886 Domine
1318 872 1333 899 ,
1369 833 1639 906 obligavit

164 921 267 958 me
304 904 617 958 Posthumio
656 905 874 958 Marino
898 905 1148 967 medic03
1187 907 1273 960 cui
1307 925 1489 977 parem
1516 927 1636 979 gra-

171 977 311 1031 tiam
351 979 546 1032 referre
588 977 854 1031 beneficio
889 994 986 1031 tuo
1022 979 1229 1048 possum
1253 1022 1268 1045 ,
1308 983 1354 1034 si
1389 986 1637 1050 precibus

171 1051 317 1105 meis
340 1092 356 1116 ‚
385 1069 454 1105 ex
471 1053 853 1106 consuetudine
883 1052 1141 1107 bonitatis
1164 1071 1268 1107 tuae
1290 1095 1305 1119 ,
1330 1055 1635 1113 indulseris.

172 1127 343 1195 Rogo
379 1142 507 1196 ergo
558 1143 618 1179 ut
653 1126 972 1195 propinquis
1015 1126 1129 1192 ejus
1175 1131 1266 1182 des
1311 1130 1590 1185 civitatem
1619 1170 1639 1196 ,

174 1200 498 1270 Chrysippo
519 1201 846 1253 Mithridatis
862 1240 877 1265 ,
897 1201 1166 1269 uxorique
1183 1204 1477 1272 Chrysippi
1495 1207 1640 1257 Stra-

172 1274 377 1326 tonicae
399 1274 662 1344 Epigoni,
693 1275 824 1327 item
859 1274 1041 1327 liberis
1074 1275 1308 1341 ejusdem
1335 1278 1649 1347 Chrysippi

170 1347 431 1416 Epigono
465 1350 518 1400 &
541 1349 846 1402 Mithridati
869 1389 884 1412 ‚
924 1349 999 1400 ita
1032 1364 1092 1400 ut
1115 1350 1222 1401 sint
1247 1350 1303 1402 in
1334 1351 1499 1419 patris
1524 1368 1631 1420 po-

174 1422 364 1473 testate
385 1461 399 1485 ,
428 1437 592 1490 utque
629 1421 698 1474 iis
734 1423 791 1473 in
827 1423 1049 1475 libertos
1081 1424 1320 1476 servetur
1350 1423 1431 1489 jus
1456 1439 1637 1493 patro·
1729 1430 1733 1435 ’

173 1510 397 1547 norum.
447 1496 580 1546 Item
615 1512 752 1565 rogo
792 1497 1067 1565 indulgeas
1105 1496 1187 1561 jus
1232 1497 1530 1564 Quiritium
1562 1497 1631 1552 L.

176 1568 359 1621 Satrio
397 1569 714 1622 Abascantio
737 1608 753 1633 ‚
793 1572 845 1622 ὅτ.
881 1571 939 1622 Ρ.
984 1571 1160 1622 Caesio
1195 1570 1540 1638 Phosph010‚
1572 1574 1632 1624 &

176 1640 481 1694 Panchariae
504 1643 736 1695 Soteridi
759 1663 772 1697 ε
796 1646 942 1714 quod
959 1663 990 1696 a
1013 1660 1066 1696 te
1087 1682 1102 1706 ‚
1128 1644 1437 1697 volentibus
1458 1661 1635 1713 patro·

177 1716 262 1767 nis
288 1756 305 1780 ‚
348 1730 498 1784 peto,
537 1718 696 1771 Vale.
1111 1736 1117 1745 ¹

225 1837 379 1896 VII.
424 1837 754 1892 Ptnuus
794 1837 1176 1892 TRAJANo
1216 1837 1488 1893 IMPER.
1530 1838 1588 1894 S.

511 1960 645 2012 Petit
678 1975 929 2030 praeturam
960 1960 1115 2010 Accio
1148 1960 1302 2013 Surae.

185 2048 243 2140 S
264 2098 299 2137 c
315 2099 342 2136 1
361 2097 401 2137 ο
425 2125 441 2148 ‚
473 2085 716 2137 Domine
738 2125 753 2148 ,
781 2082 1058 2136 memoriae
1086 2097 1189 2156 ηιξ
1209 2124 1222 2147 ,
1245 2101 1362 2153 quae
1386 2085 1458 2137 est
1479 2086 1636 2140 bene·

177 2159 406 2214 faciendi
451 2158 786 2210 tenacissima
813 2197 828 2219 ,
871 2175 1054 2224 preces
1096 2159 1299 2210 nostras
1338 2159 1632 2213 inhaerere:

175 2235 306 2302 quia
330 2247 510 2285 tamen
548 2232 607 2285 in
637 2233 745 2284 hoc
782 2248 999 2300 quoque
1038 2231 1175 2299 saepe
1199 2232 1497 2296 indulsisti,
1540 2234 1634 2287 ad·

175 2324 386 2359 moneo
425 2307 583 2359 simul
622 2307 676 2358 δε
705 2303 949 2374 impense
984 2322 1118 2375 rogo
1142 2345 1156 2369 ,
1187 2322 1248 2358 ut
1262 2307 1494 2364 ,Accium
1530 2308 1636 2360 Su·

177 2398 292 2443 ,ram
345 2381 570 2448 praeturix
625 2396 885 2432 exornare
937 2380 1170 2448 dignetis
1209 2419 1224 2444 ,
1274 2398 1438 2449 quum
1478 2384 1634 2434 locus

179 2471 365 2507 vacet:
390 2457 453 2506 ad
477 2470 634 2523 quam
655 2454 801 2522 spem
826 2453 1069 2522 alioquin
1093 2454 1488 2522 quietissimum
1508 2457 1635 2507 hor·

179 2543 321 2581 tatur
341 2529 399 2580 ἃ
423 2527 676 2579 natalium
708 2527 956 2595 splendor
982 2566 997 2589 ‚
1037 2529 1088 2579 ὅ(
1123 2528 1323 2580 sunima
1352 2529 1631 2598 integritas

180 2601 238 2653 in
277 2616 626 2671 paupertate,
668 2603 722 2653 δι
758 2618 880 2656 ante
928 2602 1113 2656 omnia
1152 2602 1377 2656 felicitas
1417 2618 1631 2669 tempo-

181 2693 300 2728 rum
323 2717 337 2737 ,
376 2694 494 2744 quae
517 2677 715 2728 bonam
746 2676 1125 2728 conscientiam
1171 2676 1373 2728 civium
1415 2692 1631 2728 tuorum

177 2752 247 2802 *ad
267 2751 426 2802 usum
445 2750 787 2819 indulgentiae
814 2754 916 2802 tuae
935 2761 1212 2819 *provocat
1238 2752 1299 2802 δι’
1315 2751 1537 2803 attollit.

1260 2972 1313 3020 N
1348 2968 1419 3038 vj
