1951 3720
382 225 857 297 TR'AJANO
934 232 1350 295 Dl'crrss.
1481 244 1623 324 395

166 344 424 417 Principe
457 349 725 400 interdum
763 347 836 400 est
877 345 1081 416 aliquid
1103 383 1119 410 ‚
1153 348 1299 415 quod
1329 363 1431 399 nos
1468 348 1624 402 domi

161 422 326 491 quasi
373 422 543 492 magis
580 419 924 474 necessarium
963 434 1177 473 teneat:
1207 421 1442 473 excusati
1481 422 1622 474 sem'·

162 510 270 564 per
299 495 399 548 tibi
425 535 439 558 ,
473 512 571 549 nee
610 511 863 564 umquam
894 494 1066 564 magis
1102 494 1387 546 excusandi
1418 494 1619 549 sumus.

164 569 289 622 Scis
335 568 487 621 enim
521 569 625 621 sibi
672 584 938 638 quemque
959 567 1218 636 praestare
1254 567 1400 636 quod
1437 582 1492 620 te
1531 569 1621 620 vi·-

157 643 292 695 deat
330 681 347 706 ‚
388 641 535 711 quod
579 658 632 694 te
666 643 967 710 ftequentet
1000 680 1016 705 ‚
1065 657 1126 693 ac
1161 639 1313 694 tanto
1352 640 1619 695 liberalius

165 732 234 768 ac
299 715 501 769 diutius
558 715 856 784 voluptatis
909 714 1068 780 hujus
1121 714 1335 783 copiam
1394 716 1619 782 praebes.

141 838 142 841 ,
167 791 289 842 Nec
322 789 669 859 salutationes
706 804 821 840 tuas
855 789 981 858 fuga
1019 789 1072 840 &
1102 788 1315 840 vastitas
1343 788 1616 857 sequitur:

163 866 545 926 remoramur,
573 862 861 915 resistimus
882 899 898 926 ‚
923 876 986 913 ut
1018 862 1080 913 in
1107 861 1384 914 communi
1413 863 1579 914 domo
1592 874 1617 927 ·,

161 950 338 1007 quam
378 952 548 1005 nuper
594 938 684 988 illa
731 934 1117 988 immanissima
1161 936 1333 989 bellua
1383 934 1619 1004 plurimo

159 1024 381 1063 terrore
419 1010 685 1063 munierat
722 1049 737 1073 ,
781 1026 945 1079 quum
987 1011 1140 1062 velut
1182 1011 1414 1079 quodam
1460 1009 1621 1077 specu

161 1082 376 1139 inclusa
395 1123 410 1148 ‚
449 1100 590 1137 nuuc
626 1083 1057 1154 propinquorum
1081 1082 1391 1153 sanguinem
1418 1084 1623 1135 lambe·

169 1172 260 1210 ret
296 1197 314 1221 ‚
358 1175 498 1210 nunc
533 1159 587 1211 se
632 1160 696 1210 ad
730 1156 1148 1210 clarissimorum
1190 1156 1394 1209 civium
1427 1154 1622 1226 strage's

167 1233 450 1301 caedesque
479 1231 761 1300 proferret.
798 1230 1232 1283 obversabantur
1259 1230 1463 1282 foribus
1492 1231 1624 1281 hor-

129 1368 133 1373 ,
165 1322 269 1358 tor
302 1305 542 1358 &mina
564 1344 579 1369 ‚
607 1305 659 1358 δι
683 1322 777 1373 par
805 1319 980 1357 metus
1011 1303 1255 1355 admissis
1289 1303 1341 1355 &
1364 1303 1619 1357 exclusis.

161 1380 259 1432 -Ad
285 1380 393 1432 hoc
422 1379 535 1448 ipse
570 1379 791 1431 occursu
825 1393 1042 1447 quoque
1070 1376 1297 1446 visuque
1334 1376 1622 1431 terribilis:

165 1453 420 1521 superbia
444 1454 504 1505 in
535 1453 715 1506 fronte
737 1492 751 1515 ,
784 1453 861 1504 ira
892 1451 950 1503 in
980 1451 1151 1503 oculis
1173 1490 1189 1515 ,
1208 1450 1473 1503 femineus
1504 1451 1624 1520 pal-

171 1528 263 1580 lor
299 1528 360 1578 in
396 1543 627 1595 corpore
662 1566 677 1590 ‚
719 1526 778 1577 in
812 1543 907 1578 ore
952 1525 1284 1593 impudentia
1318 1526 1492 1577 multo
1530 1542 1624 1576 ru-

167 1601 307 1653 bore
339 1600 550 1654 suffusa.
571 1601 720 1653 -Non
758 1599 899 1652 adire
937 1599 1218 1667 quisquam
1240 1637 1255 1662 ‚
1277 1614 1389 1650 non
1420 1596 1626 1666 alloqui

159 1675 401 1726 audebat
424 1714 440 1739 ,
482 1676 723 1727 tenebras
764 1674 970 1741 semper
1007 1672 1372 1739 secretumque
1407 1686 1626 1743 captan-
1687 1717 1690 1721 .

173 1760 289 1799 tem
315 1765 333 1807 ·,
364 1764 463 1801 nec
503 1764 759 1816 umquam
796 1763 866 1799 ex
900 1745 1188 1798 solitudine
1224 1745 1316 1797 sua
1354 1746 1627 1814 prodeun-

172 1834 289 1874 tem
311 1862 327 1886 ‚
364 1821 471 1874 nisi
507 1836 569 1874 ut
597 1820 939 1874 solitudinem
974 1821 1187 1873 faceret.
1593 1830 1599 1841 '

251 1896 451 1950 XLIX.
483 1898 583 1949 Ille
617 1910 798 1948 tamen
818 1935 833 1960 ,
876 1894 1066 1964 quibus
1098 1894 1203 1946 sibi
1239 1892 1529 1963 parietibus
1572 1891 1627 1946 8(

170 1970 349 2023 muris
378 1970 600 2023 salutem
625 1969 771 2022 suam
800 1968 942 2020 tueri
972 1969 1251 2021 videbatur
1275 2007 1290 2032 ‚
1323 1969 1507 2022 dolum
1544 1969 1630 2020 se·

163 2060 304 2097 -eum
330 2064 348 2108 ,·
381 2045 434 2096 &
476 2042 693 2095 insidias
728 2083 743 2107 ‚
773 2044 836 2095 ὅ(
880 2044 1114 2094 ultorem
1161 2043 1415 2094 sceletum
1470 2042 1631 2099 deum

169 2116 419 2171 inclusit.
453 2117 711 2169 Dimovit
745 2116 1104 2185 perfregitque
1136 2114 1393 2168 custodias
1428 2131 1632 2183 poena;

175 2191 532 2261 angustosque
561 2207 657 2258 per
686 2189 857 2241 aditus
892 2191 945 2242 &
980 2188 1270 2241 obstruCtos
1296 2228 1310 2252 ‚
1345 2205 1457 2241 non
1478 2190 1630 2242 secus

163 2279 240 2317 ‘ac
275 2280 374 2333 pet
417 2279 623 2334 apertas
670 2264 814 2316 fores
858 2263 911 2315 δε
948 2262 1233 2314 invitantia
1266 2262 1455 2318 limina
1488 2263 1633 2315 irru-

165 2338 265 2408 pit
286 2357 300 2391 ε
321 2335 592 2408 longeque
631 2350 757 2389 tunc
792 2336 873 2388 illi
901 2334 1154 2388 divinitas
1187 2336 1276 2389 sua
1298 2375 1314 2399 ‚
1348 2336 1513 2407 longe
1547 2353 1637 2390 ar·

175 2428 311 2465 cana
346 2412 439 2463 illa
474 2410 668 2463 cubili-a
713 2410 945 2481 saevique
987 2408 1206 2462 secess‘us
1233 2449 1248 2473 ‚
1289 2409 1347 2461 in
1384 2427 1522 2477 quos
1560 2410 1634 2462 ti-

178 2502 336 2538 more
356 2486 434 2549 ·&
478 2484 721 2553 superbia
761 2485 818 2536 ·&
859 2482 990 2536 odio
1029 2482 1312 2535 hominum
1358 2485 1629 2553 agebatur.

169 2558 426 2626 Quanto·
457 2574 598 2611 nunc
650 2558 819 2610 tutior
856 2597 873 2622 ‚
915 2556 1117 2626 quanto
1164 2556 1401 2610 securior
1426 2559 1629 2614 ‘eadem

166 2635 379 2686 domus
401 2672 415 2698 ,
439 2631 717 2701 postquam
751 2647 867 2683 non
903 2630 1230 2685 crudelitatis
1250 2670 1269 2696 ‚
1303 2631 1392 2684 sed
1432 2633 1635 2702 amoris

168 2704 428 2759 umbiis
461 2745 477 2769 ‚
515 2721 630 2758 non
673 2704 957 2758 solitudine
996 2707 1050 2757 &
1090 2703 1327 2760 claustris
1362 2746 1378 2769 ,
1419 2706 1517 2758 sed
1555 2707 1639 2759 ci-

175 2780 340 2833 vium
372 2780 678 2832 'celebritate
717 2779 1017 2832 defenditur
1040 2781 1063 2832 ἓ
1092 2780 1296 2850 Ecquid
1332 2782 1505 2853 ergo?
1528 2774 1641 2833 dis-

175 2854 363 2909 eimusv
391 2853 771 2923 experimento
795 2852 1172 2908 'fidelissimam
1204 2852 1311 2907 effe
1336 2851 1636 2908 custodiant

1278 2926 1333 2979 R.
1353 2926 1417 2991 vi
