1951 3720
329 351 826 424 TRAJANO
883 346 1373 424 Dreros(
1435 373 1571 451 415

199 472 427 529 LXVII.
459 473 716 546 Equidem
734 474 875 527 hunc
893 473 1129 543 parentis
1147 472 1348 542 publici
1368 475 1578 528 sensum

140 564 293 617 quum
314 566 387 602 ex
411 549 662 602 oratione
678 546 793 614 eius
812 587 829 614 ‚
855 563 972 600 tum
999 547 1439 616 pronuntiatione
1463 548 1582 617 ipsi

136 621 450 691 perspexisse
482 622 692 675 videor.
735 623 872 689 Quae
902 621 1049 674 enim
1072 621 1166 674 illa
1199 621 1435 692 gravitas
1455 623 1581 674 sen·

135 696 414 749 tentiarum
440 700 453 750 !
491 694 650 765 quim
689 694 989 749 inaffectata
1014 694 1216 748 veritas
1244 696 1534 748 verborum
1558 701 1576 751 2

136 785 243 836 quae
263 769 583 824 affeveratio
604 769 665 821 in
679 774 850 824 voce!
874 787 993 839 quae
1015 768 1295 821 affirmatio
1309 768 1367 820 in
1387 770 1576 824 vultu!

138 856 321 910 quanta
347 842 408 895 in
442 843 620 895 oculis
641 881 657 906 ,
692 842 878 895 habitu
906 882 923 907 ‚
968 841 1114 913 gestu
1135 880 1150 906 ,
1188 856 1312 895 toto
1348 842 1579 912 denique

138 931 353 984 corpore
372 915 508 970 fides
537 920 550 970 Ξ
587 915 817 969 Tenebit
846 933 977 986 ergo
1001 917 1209 984 semper
1228 917 1374 985 quod
1403 916 1583 969 suase·

138 987 227 1052 rit,
258 989 498 1059 scietque
533 1006 635 1042 nos
650 1027 667 1054 ‚
706 988 1236 1059 quotieslibet-tatem
1254 1006 1414 1058 quam
1432 989 1579 1046 dedit

138 1062 469 1130 experiemur
487 1102 503 1128 ‚
536 1062 639 1116 sibi
674 1080 877 1131 parere.
917 1065 1033 1116 Nec
1065 1065 1359 1116 verendum
1382 1061 1484 1126 est,
1510 1079 1580 1115 ne

139 1134 374 1190 incautos
396 1152 554 1206 putet
567 1175 585 1200 ‚
611 1136 659 1190 si
681 1134 937 1189 fidelitate
955 1152 1262 1204 temporum
1283 1135 1581 1189 constanter

139 1223 363 1273 utamur,
399 1228 544 1278 quos
573 1209 820 1262 meminit
849 1211 942 1262 sub
967 1213 1111 1263 malo
1149 1209 1392 1277 Principe
1426 1209 1581 1263 aliter

139 1281 335 1337 vixiffe.
383 1284 709 1352 Nuncupare
743 1296 877 1336 vota
914 1284 968 1336 &
1006 1300 1106 1352 pro
1143 1282 1436 1335 aeternitate
1469 1283 1579 1334 im-

140 1355 299 1421 perii,
333 1357 387 1409 &
407 1374 511 1426 pro
532 1357 696 1410 salute
716 1355 1024 1424 Principum
1047 1394 1062 1420 ,
1095 1355 1266 1410 immo
1284 1372 1387 1424 pro
1411 1356 1580 1409 salute

140 1425 434 1499 Principum
460 1469 475 1495 ‚
519 1447 579 1482 ac
613 1443 836 1498 propter
869 1429 995 1482 illos
1024 1446 1124 1498 pro
1155 1428 1450 1481 aeternitate
1479 1429 1579 1481 im-

141 1501 265 1567 perii
284 1503 606 1557 solebamus.
635 1503 765 1556 Haec
788 1517 889 1571 pro
910 1501 1141 1572 imperio
1173 1501 1354 1555 nostro
1377 1502 1437 1554 in
1456 1519 1577 1572 quae

140 1572 240 1627 sint
261 1579 422 1630 verba
450 1577 693 1645 suscepta
722 1593 899 1645 operae
930 1576 1165 1645 pretium
1187 1575 1262 1628 est
1289 1577 1541 1630 adnotare
1561 1594 1582 1631 t

143 1646 195 1697 Si
228 1649 350 1700 bene.
394 1651 606 1720 rempub.
649 1652 697 1701 6·
739 1668 800 1701 cx
851 1650 1065 1701 militate
1121 1650 1324 1702 omnium
1374 1652 1579 1706 rexeris.

141 1720 307 1792 Digna
327 1738 461 1776 vota
482 1741 601 1792 quae
614 1724 821 1792 semper
834 1724 1188 1793 suscipiantur
1210 1762 1227 1787 ,
1264 1723 1578 1792 semperque

142 1791 420 1849 solvantur.
446 1797 572 1867 Egit
592 1813 713 1848 cum
733 1796 834 1848 diis
852 1835 867 1859 ‚
893 1797 1012 1866 ipso
1030 1812 1083 1850 te
1103 1796 1316 1850 ειῑιᾶοτε
1332 1836 1346 1860 ,
1372 1798 1546 1849 Caesar
1559 1836 1576 1864 ‚

141 1868 334 1937 respub.
358 1885 421 1923 ut
440 1886 497 1922 te
516 1871 771 1939 sospitem
785 1870 1218 1940 incolumemque
1238 1870 1538 1939 praestarent
1560 1911 1578 1934 ,

145 1938 185 1990 si
202 1954 256 1993 tu
271 1958 479 1997 ceteros
501 1942 851 2012 praestitiss'es3
874 1943 923 1996 si
940 1944 1126 1998 contr&
1143 1983 1158 2007 ,
1197 1944 1279 1997 illi
1312 1961 1526 2013 quoque
1547 1960 1577 1996 a

143 2013 358 2068 custodia
388 2017 483 2082 ‚tui
521 2016 709 2086 capitis
753 2018 943 2070 oculos
975 2016 1316 2070 dimoverent
1351 2035 1371 2077 ·,
1418 2032 1579 2087 reque

144 2087 491 2157 relinquerent
506 2090 657 2143 votis
676 2107 795 2159 quae
824 2107 937 2144 non
971 2093 1148 2159 palam
1166 2091 1576 2158 susciperentur.

141 2160 240 2213 Alii
262 2163 313 2215 se
332 2163 637 2232 superstites
657 2164 883 2231 reipubl.
906 2166 1165 2232 optabant
1180 2164 1574 2233 faciebantquez

141 2231 382 2290 tibi-salus
406 2253 500 2290 tua
529 2236 703 2289 invisa
725 2236 798 2289 est
817 2276 834 2300 ‚
872 2237 919 2289 si
956 2253 1071 2290 non
1105 2236 1176 2289 sit
1211 2253 1332 2289 cum
1368 2238 1584 2306 reipub.

143 2305 291 2361 salute
311 2310 614 2375 conjunna.
641 2310 791 2363 Nihil
811 2326 912 2378 pro
934 2324 987 2362 te
1010 2311 1208 2379 pateris
1229 2310 1406 2379 optari
1431 2351 1446 2378 ‚
1465 2311 1577 2363 nisi

142 2382 373 2449 expediat
392 2383 703 2452 optantibus
725 2423 741 2448 ,
771 2383 1125 2451 omnibusque
1144 2384 1296 2437 annis
1323 2384 1380 2435 in
1402 2385 1580 2437 consi·

143 2451 264 2505 lium
285 2458 348 2508 de
366 2470 419 2509 te
439 2458 572 2509 deos
592 2456 762 2509 mittis
784 2495 801 2520 ,
831 2455 1108 2526 exigisque
1129 2495 1146 2520 ‚
1175 2471 1236 2510 ut
1260 2458 1577 2511 sententiam

144 2524 273 2579 suam
286 2543 497 2583 mutent
515 2569 530 2593 ‚
555 2530 603 2582 si
626 2529 748 2585 talis
770 2528 873 2582 effe
898 2529 1121 2582 desieris
1137 2569 1154 2594 ‚
1181 2531 1352 2599 qualis
1380 2530 1578 2584 elcfihis

144 2612 210 2652 es,
235 2602 334 2654 Sed
349 2618 410 2656 tu
428 2602 638 2672 ingenti
657 2602 982 2656 conscientia
997 2641 1013 2665 ‚
1049 2604 1223 2656 Caesar
1243 2642 1259 2666 ‚
1296 2604 1576 2673 pacisceris

145 2686 253 2725 cum
275 2675 373 2728 diis
403 2716 418 2740 ‚
457 2691 519 2729 ut
548 2692 600 2729 te
621 2715 638 2740 ‚
674 2678 721 2730 si
750 2676 1036 2729 mereberis
1057 2716 1072 2741 ‚
1115 2678 1330 2730 servent
1353 2717 1368 2741 ‚
1411 2694 1577 2748 quum

144 2745 260 2798 scias
282 2787 296 2810 ,
330 2766 399 2800 an
427 2750 682 2802 merearis-
703 2788 718 2813 ‚
753 2750 1025 2803 neminem
1060 2751 1228 2820 magis
1253 2750 1414 2821 quium
1446 2753 1577 2805 deos

146 2816 285 2874 scire.
303 2824 500 2875 Nonne
521 2823 682 2875 vobis
703 2862 718 2886 ‚
746 2823 804 2877 P.
832 2826 895 2876 C.
917 2825 1032 2877 haec
1051 2824 1233 2877 diebus
1253 2840 1312 2876 ac
1330 2824 1577 2877 nostibus

146 2892 329 2959 agitare
356 2895 535 2948 secum
563 2896 821 2951 videtur?
859 2898 973 2967 Ego
1010 2899 1225 2967 quidem
1264 2897 1325 2949 in
1356 2914 1442 2951 me
1467 2938 1482 2962 ‚
1530 2898 1578 2950 si

146 2966 375 3021 omnium
391 2967 593 3027 utilitas
617 2970 697 3024 ita
716 2970 960 3043 posceret
974 3009 991 3038 ,
1015 2970 1438 3038 etiambpraefeffl
1461 2987 1579 3023 ma-

1166 3044 1201 3097 S
1225 3044 1285 3097 iv
