1951 3720
356 232 497 305 280
702 234 958 302 CAII
1019 233 1433 301 PLINII

367 353 583 410 XXIV.
632 353 966 408 Pennus
1018 355 1473 425 Sannumzo
1519 367 1665 408 suo
1709 355 1761 410 S.

387 474 587 527 Gratias
609 475 710 546 agit
728 510 744 534 ‚
777 476 902 543 quod
931 475 1150 543 precibus
1171 475 1268 540 ejus
1295 489 1520 524 exoratus
1538 509 1556 532 ‚
1587 474 1755 526 libem

643 572 828 623 veniam
859 572 1061 622 dederit.
1098 570 1222 624 Vide
1235 569 1381 639 suprei
1415 584 1505 621 21.

348 657 425 755 B
445 710 480 748 Ε
503 710 542 747 N
565 709 600 747 Ε
647 693 852 757 fecisti,
877 692 1025 762 quod
1069 692 1321 745 libertum
1357 692 1650 762 aliquando
1700 690 1789 745 tibi

348 785 570 830 carum,
605 767 974 819 reducentibus
999 766 1240 834 epistolis
1260 765 1435 829 meis,
1455 767 1516 817 in
1539 766 1756 817 domum
1772 803 1787 828 ‚

346 839 410 893 in
438 841 676 893 animum
713 839 972 907 recepisti.
1011 840 1229 894 Juvabit
1265 840 1370 891 hoc
1397 855 1489 892 te:
1523 856 1615 890 me
1658 838 1788 891 certe

345 910 536 979 iuvat,
578 912 813 982 primum
851 911 996 981 quod
1018 928 1071 964 te
1095 927 1205 963 tam
1237 912 1569 965 traaabilem
1600 912 1757 964 video
1775 950 1789 975 ‚

346 1000 408 1039 ιιι
438 986 495 1038 in
531 986 608 1038 ira
631 986 743 1056 regi
768 985 974 1054 possis·
964 1021 982 1046 ,
1026 985 1216 1038 deinde
1242 985 1389 1054 quod
1424 999 1640 1037 tantum
1670 985 1793 1037 mihi

347 1058 575 1124 tribui8‚
607 1073 668 1111 ut
688 1062 781 1111 vel
810 1058 1116 1111 audior-irati
1139 1076 1270 1111 meae
1295 1076 1477 1127 pareas
1500 1097 1518 1122 ‚
1553 1059 1651 1111 vel
1683 1075 1794 1126 pre-

348 1132 500 1185 cibus
534 1133 826 1202 indulgeas.
868 1133 1037 1203 Igitur
1074 1134 1127 1184 ὅ(
1164 1134 1321 1186 laudo
1359 1134 1413 1184 ὅτ.
1448 1132 1647 1201 gratias
1684 1148 1792 1201 ago.

343 1206 522 1273 §imul
547 1205 607 1258 in
640 1206 910 1275 posterum
942 1222 1143 1259 moneo
1168 1245 1183 1269 ‚
1220 1221 1279 1258 ut
1302 1220 1353 1258 te
1377 1206 1653 1257 erroribus
1681 1221 1794 1256 tuo-

349 1297 470 1332 rum
490 1319 506 1343 ,
530 1279 637 1333 etsi
668 1296 782 1332 non
809 1280 970 1333 fuerit
1004 1281 1098 1350 qui
1120 1281 1430 1348 deprecetur
1450 1318 1466 1344 ,
1491 1279 1796 1349 placabilem

352 1352 588 1422 praestes.
634 1353 793 1407 Vale.

371 1473 582 1531 XXV.
622 1473 956 1528 Puruvs
996 1476 1492 1528 MAMILIANO
1536 1488 1691 1528 suo
1727 1475 1777 1528 S.

428 1596 560 1648 Huic
579 1602 632 1650 ἰιι
658 1598 812 1662 castra
831 1595 1062 1664 miffar-um
1080 1577 1135 1664 se
1156 1594 1282 1664 lusus
1300 1594 1423 1665 'suos
1457 1597 1506 1647 6·
1527 1596 1736 1649 carmina

942 1695 1225 1763 pollicetur.

358 1769 744 1894 QUERERIS
776 1821 840 1872 de
877 1819 1029 1871 turba
1050 1817 1389 1873 castrensium
1421 1819 1766 1892 negotiorum
1784 1859 1801 1886 ‚

357 1898 413 1948 &
459 1910 731 1963 tamquam
767 1893 997 1945 summo
1053 1893 1174 1946 otio
1210 1894 1476 1961 pei-fruare
1511 1933 1527 1958 ,
1569 1896 1714 1948 lusus
1755 1896 1801 1947 &

355 1968 590 2037 ineptias
627 1966 829 2020 nostras
876 1966 1054 2035 legis,
1093 1983 1277 2030 amas,
1315 1967 1574 2037 flagitas·,
1619 1984 1801 2037 meque

347 2043 426 2100 ,ad
479 2040 678 2093 similia
729 2041 1002 2092 condenda
1049 2057 1163 2093 non
1211 2040 1551 2093 mediocriter
1601 2041 1800 2094 incitas.

358 2114 572 2182 Incipio
592 2113 736 2165 enim
756 2130 827 2165 ex
847 2115 953 2165 hoc
977 2130 1169 2181 genere
1189 2113 1481 2167 studiorum
1504 2132 1619 2167 non
1638 2115 1801 2167 solinu
1886 2125 1887 2168 ἐ

360 2186 777 2240 oblestationem
805 2225 820 2249 ‚
855 2186 1049 2238 versun
1101 2186 1264 2239 etiam
1317 2188 1546 2257 gloriam
1594 2203 1801 2257 petere,
1886 2183 1887 2202 ³

361 2260 483 2328 post
516 2259 772 2325 judicium
803 2273 957 2311 tuum
984 2259 1094 2312 viri
1124 2261 1468 2330 gravissimi,
1507 2260 1801 2314 eruditissi-

304 2339 310 2344 ‘
362 2332 478 2396 mi,
514 2335 575 2384 ac
612 2332 767 2400 super
807 2332 903 2385 ista
951 2332 1251 2387 verissimi.
1312 2335 1468 2387 Nunc
1513 2351 1601 2386 me
1638 2350 1803 2387 rerum
1886 2331 1887 2386 3

364 2404 511 2457 actus
548 2405 760 2458 modice
782 2444 797 2469 ‚
823 2406 926 2459 'sed
958 2420 1139 2459 tamen
1176 2407 1475 2477 distringit:
1508 2425 1620 2476 quo
1655 2406 1803 2459 finito

363 2478 571 2548 aliquid
609 2481 913 2531 earumdem
950 2496 1311 2533 camoenarum
1366 2482 1428 2533 in
1461 2480 1621 2533 istum
1659 2479 1803 2533 beni-
1886 2485 1887 2554 ζ

366 2552 690 2623 guissimum
723 2552 900 2605 sinum
933 2554 1160 2605 mittam.
1198 2555 1285 2607 Tu
1308 2552 1611 2623 pafferculis
1635 2555 1689 2606 ὅ(
1717 2570 1802 2605 co·
1886 2581 1887 2594 ι

364 2625 617 2678 lumbulis
650 2626 847 2678 nostris*
880 2625 1017 2678 inter
1053 2626 1252 2695 aquilas
1290 2626 1486 2680 vestras
1511 2627 1654 2679 dabis
1677 2643 1800 2695 pen-

369 2716 465 2750 nas
492 2738 507 2763 ‚
546 2699 591 2750 si
617 2713 793 2752 tamen
830 2700 881 2751 &
915 2699 1017 2752 sibi
1050 2702 1103 2753 ὅτ.
1137 2700 1234 2753 tibi
1268 2703 1589 2769 placebunt;
1626 2699 1673 2753 si
1693 2715 1797 2751 tan·

347 2772 487 2897 ῐθιῐί
534 2772 635 2825 sibi
666 2812 682 2838 ,
726 2774 1078 2827 continendos
1129 2775 1293 2829 cavea
1337 2773 1539 2830 nidove
1584 2772 1800 2829 curabis.

373 2888 395 2912 ι
436 2862 464 2897 a
488 2862 536 2902 e.
