1951 3720
329 367 454 437 70.
675 344 937 411 CAtt
1001 343 1425 412 ΡιιΝιι

509 464 585 519 V.
637 465 978 520 Putuus
1017 465 1305 517 MAcno
1348 471 1494 517 suo
1534 465 1592 519 S.

360 586 448 638 De
481 585 639 638 Plinii
671 586 892 637 avunculi
921 584 1001 650 sui
1021 585 1157 635 libris
1178 618 1194 643 ‚
1228 587 1373 652 deque
1403 585 1501 652 ejus
1536 588 1647 639 vitae
1688 587 1736 638 ἃ

792 679 1054 742 studiorum
1093 678 1299 729 ratione.

328 794 858 886 PERGRATUM
894 832 967 885 est
1003 831 1135 884 mihi
1160 827 1305 900 quod
1342 845 1450 883 tam
1487 828 1774 902 diligenter

324 903 493 957 libros
528 907 778 966 avunculi
823 908 929 959 mei
968 906 1171 958 lectitas
1192 944 1206 968 ‚
1246 920 1305 956 ut
1344 905 1534 956 habere
1577 922 1770 958 omnes

325 979 466 1030 velis
488 1019 502 1041 ‚
530 981 835 1048 quaerasque
859 980 951 1047 qui
977 980 1084 1031 sint
1103 995 1311 1031 omnes.
1348 979 1554 1046 Fungar
1577 980 1772 1032 indicis

325 1053 560 1118 partibus
598 1070 615 1111 ·‚
659 1069 816 1121 atque
854 1056 1015 1105 etiam
1052 1070 1161 1122 quo
1208 1067 1317 1104 sint
1353 1052 1540 1103 ordine
1586 1052 1773 1121 scripti

322 1139 513 1176 notum
537 1126 634 1178 tibi
655 1127 873 1178 faciam:
894 1126 966 1179 est
986 1128 1129 1179 enim
1148 1127 1259 1178 haec
1279 1141 1495 1194 quoque
1514 1124 1772 1178 studiosis

322 1212 436 1248 non
471 1197 752 1262 injucunda
776 1201 1035 1270 cognitio.
1077 1202 1161 1252 De
1196 1199 1514 1265 jaculatione
1536 1199 1773 1268 equestri

322 1285 461 1322 unus
483 1291 495 1323 :
522 1274 661 1325 hunc
682 1313 695 1335 ,
730 1291 891 1342 quum
915 1273 1189 1342 pra-‚festus
1209 1275 1302 1325 alae
1334 1272 1586 1324 militaret
1607 1312 1621 1335 ,
1647 1273 1773 1341 pari

324 1342 545 1413 ingenio
577 1349 806 1415 curaque
836 1348 1155 1416 composuit.
1208 1348 1292 1398 De
1325 1346 1439 1397 vita
1474 1346 1771 1415 Pomponii

318 1417 544 1470 Secundi
585 1422 692 1472 duo
723 1459 738 1482 ,
778 1437 808 1472 a
850 1438 957 1489 quo
999 1420 1335 1490 singulariter
1366 1435 1567 1470 amatus
1595 1459 1609 1483 ,
1658 1422 1770 1474 hoc

322 1493 597 1543 memoriae
633 1494 788 1545 amici
824 1494 974 1562 quasi
1009 1495 1242 1546 debitum
1280 1509 1471 1545 munus
1501 1494 1768 1549 exsolvit.

325 1562 596 1617 Bellorum
623 1565 924 1619 Germania:
953 1567 1188 1637 viginti,
1220 1568 1408 1635 quibus
1439 1567 1620 1618 omnia
1644 1584 1768 1635 quae

316 1652 438 1689 cum
465 1638 746 1692 Germanis
785 1643 1046 1710 gessimus
1080 1643 1213 1693 bella
1252 1638 1488 1707 collegit.
1534 1641 1766 1693 [nchoa-

315 1709 399 1761 vit
420 1751 434 1774 ,
473 1730 637 1780 quum
668 1716 724 1765 in
748 1713 1035 1767 Germania
1065 1714 1317 1767 militaret
1337 1752 1352 1775 ‚
1376 1713 1591 1765 somnio
1633 1731 1763 1767 mo-

315 1784 478 1838 nitus.
537 1787 746 1839 Adstitit
781 1789 924 1840 enim
974 1788 1264 1856 quiescenti
1301 1786 1468 1838 Drusi
1522 1788 1763 1840 Neronis

316 1858 514 1928 effigies
536 1900 550 1923 ,
595 1862 687 1929 qui
714 1862 1015 1914 Germaniae
1049 1859 1307 1914 latissime
1341 1860 1519 1912 vidior
1552 1860 1625 1913 ibi
1661 1879 1764 1931 pe·

317 1932 447 1985 riit:
488 1938 888 1987 commendabat
932 1936 1249 1988 memoriam
1290 1935 1368 1985 sui
1401 1973 1415 1997 ,
1467 1936 1764 2004 orabatque

314 2020 374 2055 ut
422 2007 474 2058 se
512 2011 574 2059 ab
621 2008 809 2072 injuria
852 2010 1147 2061 oblivionis
1201 2007 1460 2060 affereret.
1515 2010 1764 2063 studiosi

313 2091 457 2142 tres,
501 2081 558 2132 in
608 2082 701 2132 sex
753 2084 1033 2134 volumina
1080 2096 1300 2152 propter
1347 2082 1760 2149 amplitudinem

312 2153 513 2210 divisi3
547 2157 734 2221 quibus
768 2170 1036 2208 oratorem
1068 2159 1130 2209 ab
1164 2156 1492 2208 incunabulis
1526 2155 1759 2210 instituit

314 2226 367 2276 &
391 2225 616 2293 perficit.
659 2228 822 2280 Dubii
853 2230 1113 2282 sermonis
1145 2229 1270 2282 octo
1294 2228 1503 2295 scripsit
1524 2229 1615 2280 sub
1642 2232 1755 2282 Ne-

310 2316 443 2351 rone
482 2301 796 2353 novissimis
835 2306 986 2356 annis
1013 2344 1028 2366 ‚
1067 2321 1231 2372 quum
1267 2319 1428 2354 omne
1459 2301 1756 2356 studiorum

309 2389 475 2442 genus
522 2373 682 2441 paulo
726 2376 939 2429 liberius
982 2379 1035 2430 ὅ(
1064 2377 1298 2430 erectius
1331 2415 1347 2439 ‚
1393 2376 1757 2444 periculosum

305 2447 539 2498 servitus
595 2447 812 2503 feciffet.
862 2452 910 2502 A
950 2451 1059 2503 fine
1096 2449 1294 2503 Aufidii
1343 2448 1491 2501 Bassi
1530 2448 1755 2519 triginta

308 2536 462 2571 unus,
487 2522 696 2572 Naturae
728 2523 1061 2576 historiarum
1093 2525 1309 2593 triginta
1332 2523 1571 2589 septem3
1607 2539 1752 2591 opus

310 2592 557 2644 diffusum
588 2633 603 2657 ‚
643 2598 906 2649 eruditum
938 2638 953 2661 ‚
994 2616 1092 2650 nec
1127 2598 1305 2649 minus
1335 2596 1544 2647 varium
1587 2596 1749 2664 quam

307 2666 421 2734 ipsa
457 2683 660 2721 natura.
694 2670 907 2723 Miraris
931 2671 1075 2740 quod
1106 2686 1187 2722 tot
1204 2672 1517 2731 volumina,
1549 2673 1747 2723 multa-

308 2757 411 2808 que
459 2740 518 2790 in
557 2741 640 2792 his
689 2759 796 2795 tam
838 2744 1138 2812 scrupulosa
1171 2784 1186 2808 ,
1233 2746 1400 2795 homo
1455 2759 1747 2811 occupatus

308 2814 645 2867 absolverit?
701 2817 877 2885 Magis
930 2819 1238 2880 miraberis,
1281 2818 1328 2869 si
1372 2816 1549 2869 scieris
1589 2818 1746 2871 illum

306 2887 625 2954 aliquamdiu
645 2891 820 2942 causas
840 2890 1095 2950 aCtitafl‘e3
1122 2890 1396 2944 decessisse
1427 2907 1567 2941 anno
1588 2891 1745 2942 sexto

310 2961 365 3012 &
409 2959 896 3033 quinquagesim03
935 2965 1171 3018 medium
1207 2979 1418 3035 tempus
1460 2963 1745 3019 distentum
