1951 3720
393 333 548 427 ‘264
677 324 1015 401 (CAH
1085 324 1577 401 Pztntr'

396 456 533 510 tium
575 453 799 508 nimium
834 453 1115 523 impertire
1151 455 1436 507 videantur
1455 494 1471 519 ‚
1492 453 1830 512 sinisteritatis⁴

392 544 553 598 atque
589 530 751 582 etiam
798 528 1146 597 malignitatis
1189 529 1385 581 famam
1427 529 1818 598 consequuntur.

392 603 446 655 A
480 620 589 670 quo
612 604 753 654 vitio
786 618 842 653 tu
876 601 1039 671 longe
1074 601 1334 654 recessisti
1359 642 1374 666 ‚
1413 602 1564 655 scio:
1598 604 1683 655 sed
1702 619 1819 656 tem-

394 691 579 745 perare
605 676 735 727 mihi
753 692 863 727 non
884 680 1092 742 polium
1109 714 1123 739 ‚
1142 676 1660 744 quominusffaudem
1689 676 1817 729 simi·

393 748 465 801 lis
491 750 770 811 monenti,
811 746 955 816 quod
979 765 1101 800 eum
1124 751 1344 800 modurn
1365 764 1514 801 tenes
1542 787 1558 808 .
1591 764 1648 801 ut
1670 749 1820 802 discri-

396 822 543 873 mina
573 824 821 874 ordinum
853 822 1277 890 dignitatumque
1307 821 1610 874 custodias:
1644 839 1751 890 quae
1780 822 1819 874 si

396 897 651 957 confusa,
686 897 918 957 turbata,
956 896 1224 963 permixta
1255 895 1417 961 sunt,
1451 895 1592 947 nihil
1623 895 1696 947 est
1726 895 1820 964 ipsi

395 969 697 1037 equalitate
728 969 1060 1049 inaequaliust
1100 970 1256 1022 Vale.

510 1088 623 1142 Vl.
665 1088 997 1153 Ptnrnffs
1040 1092 1438 1143 Catvxs1o
1481 1101 1631 1142 svo
1671 1089 1728 1145 S.

466 1225 471 1232 ·
519 1210 668 1263 Ludis
692 1210 997 1262 Circensibus
1012 1208 1208 1280 praefen
1227 1210 1390 1274 studia
1423 1210 1715 1263 litterarum.

398 1298 493 1391 Ο
516 1347 568 1386 Μ
587 1349 625 1386 Ν
642 1334 805 1387 ΕἸιοε
824 1349 1034 1417 tempus
1067 1333 1206 1386 inter
1234 1333 1518 1404 pugillares
1539 1351 1600 1388 ac
1616 1333 1821 1390 'libellos

392 1404 774 1495 jucundissima
823 1410 1003 1478 quiete
1046 1407 1335 1461 transmisi.
1399 1409 1788 1482 Quemadmodum
1807 1443 1822 1471 ,

392 1480 572 1548 inquis
609 1521 625 1546 ‚
661 1485 710 1533 in
749 1483 858 1533 urbe
886 1484 1114 1552 poemffl.
1106 1483 1127 1515 ⁹
1168 1482 1441 1535 Circenses
1478 1498 1630 1535 erant
1665 1501 1682 1543 3
1729 1499 1821 1553 quo

391 1570 585 1622 genere
626 1555 906 1624 spe&aculi
950 1573 1018 1609 ne
1053 1555 1332 1620 levissime
1370 1550 1588 1624 quidem
1630 1571 1821 1612 teneor.

391 1627 541 1680 Nihil
584 1646 788 1682 novum
814 1669 830 1693 ‚
887 1629 1023 1681 nihil
1063 1628 1316 1693 varium,
1357 1629 1491 1681 nihil
1534 1631 1681 1698 quod
1724 1647 1823 1683 non

390 1700 554 1754 semel
590 1703 835 1771 spectaffe
864 1702 1103 1756 sufficiat.
1141 1701 1271 1770 Quo
1315 1704 1483 1773 magis
1520 1704 1730 1766 miror,
1751 1717 1824 1756 tot

390 1775 559 1827 millia
594 1779 838 1830 virorum
868 1792 977 1829 tam
1012 1777 1293 1845 pueriliter
1323 1776 1614 1829 identidem
1643 1793 1825 1845 cupere

389 1864 659 1903 currentes
709 1869 879 1921 equos
897 1891 915 1915 ‚
951 1850 1252 1905 insistentes
1299 1851 1538 1903 curribus
1586 1851 1823 1905 homines

389 1924 591 1978 videre.
646 1924 704 1976 Si
739 1938 917 1977 tamen
955 1941 1047 1977 aut
1076 1924 1367 1978 velocitate
1406 1941 1703 1993 equorum,
1745 1939 1825 1979 aut

386 1997 671 2048 hominum
702 2014 811 2050 arte
842 2001 1173 2052 traherentur
1191 2037 1207 2061 ‚
1234 1997 1363 2050 effer
1391 1999 1531 2050 ratio
1553 2001 1822 2054 nonnulla.

386 2071 543 2122 Nunc
587 2071 769 2123 favent
808 2089 989 2139 panno
1010 2111 1026 2135 ‚
1057 2089 1294 2140 pannum
1332 2085 1510 2124 amant
1541 2090 1556 2123 ε
1599 2073 1654 2123 &
1685 2072 1732 2123 si
1772 2072 1823 2123 in

383 2142 505 2210 ipso
526 2145 676 2195 cursu
690 2183 705 2207 ‚
727 2145 1014 2214 medioque
1033 2146 1321 2197 certamine
1335 2184 1350 2208 ‚
1383 2145 1471 2196 hic
1495 2147 1652 2197 color
1673 2144 1820 2209 illuc,

386 2216 479 2268 ille
519 2218 623 2269 huc
662 2221 1001 2271 transferatur
1022 2257 1038 2281 ‚
1070 2217 1297 2270 studium
1337 2218 1600 2286 favorque
1637 2217 1819 2270 transi·

382 2290 499 2352 bit,
544 2291 597 2342 &
646 2289 864 2359 repent'e
911 2292 1197 2362 agitatores
1246 2292 1405 2355 illos,
1446 2308 1618 2360 equos
1661 2291 1820 2355 illos,

385 2380 522 2432 quos
562 2367 753 2432 procul
800 2366 1066 2418 noscitant
1087 2406 1103 2429 ,
1143 2383 1371 2434 quorum
1409 2364 1689 2418 clamitant
1727 2382 1819 2417 no-

384 2436 568 2500 mina¹
598 2439 915 2508 relinquent.
950 2440 1120 2492 Tanta
1142 2440 1340 2509 gratia,
1360 2453 1505 2492 tanta
1539 2438 1820 2491 auctoritas

383 2510 444 2561 in
481 2528 586 2563 una
640 2512 907 2564 vilissima
942 2513 1166 2565 tunica·
1155 2549 1172 2573 ‚
1211 2513 1372 2565 mitto
1412 2514 1551 2581 apud
1592 2514 1818 2583 vulguS‚

384 2587 530 2653 quod
579 2584 745 2638 vilius
783 2587 997 2650 tunica,
1029 2587 1118 2638 sed
1158 2588 1298 2655 apud
1338 2586 1594 2655 quosdam
1637 2602 1817 2655 graves

382 2657 669 2718 homines·
702 2676 838 2727 quos
874 2676 977 2729 ego
1011 2678 1175 2728 quum
1198 2660 1486 2711 recordor
1472 2678 1531 2712 in
1560 2676 1620 2711 re
1640 2659 1817 2722 inani,

381 2731 571 2801 frigida
602 2770 619 2794 ‚
668 2734 873 2783 assidua
904 2772 919 2795 ‚
968 2748 1078 2784 tam
1139 2732 1506 2785 insatiabiliter
1544 2733 1781 2785 desidere
1801 2769 1815 2793 ,

385 2806 542 2873 capio
576 2806 809 2873 aliquam
840 2808 1204 2873 voluptatem,
1232 2804 1377 2875 quod
1402 2807 1502 2857 hac
1537 2807 1816 2874 voluptate

384 2896 498 2931 non
520 2879 718 2947 capior.
758 2880 835 2930 Ac
863 2896 958 2947 per
988 2881 1088 2931 hos
1119 2879 1234 2932 dies
1253 2878 1609 2932 libentissime
1646 2879 1816 2931 otium

384 2968 563 3003 meum
600 2952 657 3004 in
684 2951 876 3005 litteris
899 2955 1154 3009 colloc0.
1176 2970 1313 3022 quos
1347 2952 1440 3007 alii
1471 2951 1817 3007 otiosissimis

386 3026 825 3097 occupationibus
841 3028 1087 3096 perdunt.
1113 3011 1271 3085 Vale.
1693 3025 1820 3081 vn.

1660 3129 1694 3144 *ἱ
