1951 3720
365 349 458 444 96
707 349 973 418 Cart
1037 346 1470 416 ΡιιΝιι

359 472 454 523 sub
486 469 647 523 unius
679 469 898 523 arbitrio
922 509 939 533 ‚
982 468 1074 539 qui
1122 485 1224 536 pro
1258 467 1488 522 utilitate
1530 465 1815 520 communi

358 542 503 596 solus
548 546 792 596 omnium
841 560 993 596 curas
1031 543 1340 610 laboresque
1378 540 1606 608 suscepit
1641 559 1654 592 ε
1692 541 1818 608 qui-

359 618 481 669 dam
513 632 692 668 tamen
714 655 728 679 ,
759 617 949 668 salubri
972 629 1398 682 temperamento
1420 653 1434 676 ,
1468 616 1529 666 ad
1550 630 1653 665 nos
1685 629 1819 682 quo·

360 706 464 758 que
500 692 653 741 velut
673 689 779 740 rivi
813 706 883 741 ex
903 689 1001 740 illo
1026 687 1416 757 benignissimo
1453 688 1603 739 fonte
1630 688 1824 738 decut-

359 778 483 814 runt
505 801 521 824 ,
554 780 689 830 quos
716 763 768 814 &
802 763 1012 814 haurire
1039 762 1147 828 ipsi
1174 800 1189 822 ‚
1219 761 1271 812 &
1305 759 1603 812 absentibus
1627 758 1821 811 amicis

361 834 509 903 quasi
533 834 825 887 ministrare
848 833 1089 903 epistolis
1111 832 1407 902 possumus.
1441 834 1600 887 Vale.

505 954 680 1010 XXI.
723 955 1045 1006 Pru-uus
1084 953 1376 1008 Piusco
1420 965 1564 1004 suo
1606 953 1663 1006 S.

359 1074 550 1127 Laudat
576 1076 860 1125 Martialem
879 1072 991 1142 fhto
1016 1072 1256 1139 fimi-lum,
1293 1090 1423 1140 quem
1439 1071 1747 1140 secedentem
1768 1080 1816 1126 in

484 1169 693 1238 patriam
727 1167 949 1218 Bilbilim
977 1167 1155 1218 viatico
1183 1165 1457 1235 prosecutus
1481 1165 1669 1232 ficerat.

363 1279 455 1376 A
477 1333 678 1373 UD10
722 1319 1005 1372 Valerium
1048 1319 1350 1372 Martialem
1391 1319 1671 1374 decessifle
1709 1361 1726 1385 ,
1771 1323 1820 1376 &

358 1392 581 1447 moleste
623 1393 757 1445 fero,
815 1394 936 1444 Erat
972 1394 1142 1444 homo
1179 1391 1488 1461 ingeniosus
1516 1433 1530 1456 ‚
1570 1410 1771 1448 acutus
1803 1434 1818 1459 ‚

360 1484 482 1519 acer
504 1505 520 1529 ,
547 1466 599 1517 ὅ(
625 1466 716 1534 qui
753 1466 1040 1534 plurimum
1071 1465 1129 1517 in
1167 1466 1443 1518 scribendo
1478 1467 1530 1518 &
1567 1467 1696 1519 salis
1725 1470 1818 1520 ha·

359 1542 507 1592 beret
540 1539 592 1590 ὅ(
630 1538 772 1590 fellis
794 1578 809 1602 ‚
849 1555 947 1591 nec
989 1540 1234 1591 candoris
1258 1538 1457 1592 minus,
1493 1539 1817 1611 Prosecutus

360 1629 508 1666 eram
548 1611 754 1664 viatico
792 1612 1140 1664 secedentem.
1182 1613 1446 1664 Dederam
1481 1613 1585 1664 hoc
1629 1615 1821 1666 amici·

360 1687 451 1739 tiae
473 1727 488 1751 ,
518 1687 760 1738 dederam
784 1685 948 1737 etiam
970 1685 1257 1737 versiculis
1287 1702 1423 1753 quos
1455 1687 1517 1737 de
1552 1699 1639 1739 me
1660 1704 1817 1740 com·

360 1759 561 1828 posuit.
600 1758 722 1811 Fuit
753 1759 919 1810 moris
960 1758 1206 1826 antiqui,
1246 1775 1340 1809 eos
1365 1759 1459 1827 qui
1494 1762 1584 1811 vel
1624 1760 1817 1831 singu-

360 1836 539 1886 lorum
569 1833 747 1885 laudes
774 1872 789 1897 ,
827 1834 915 1885 vel
946 1831 1158 1885 urbium
1199 1831 1511 1900 scripserant
1531 1873 1546 1896 ,
1585 1849 1679 1886 aut
1716 1836 1815 1887 ho·

361 1906 583 1964 notibus
625 1920 715 1956 aut
750 1905 977 1973 pecunia
1014 1922 1237 1958 ornare:
1261 1905 1454 1958 nostris
1493 1905 1631 1960 vero
1673 1923 1814 1961 tem-

361 1979 581 2048 poribus
606 2019 622 2042 ,
664 1993 724 2030 ut
762 1980 864 2030 alia
918 1979 1156 2046 speciosa
1199 1980 1251 2030 &
1295 1978 1504 2049 egregia
1535 2019 1549 2042 ‚
1589 1981 1664 2032 ita
1711 1983 1815 2036 hoc

363 2052 423 2104 in
442 2052 631 2121 primis
662 2051 923 2104 exolevit.
966 2054 1103 2103 Nam
1128 2051 1402 2120 postquam
1436 2052 1699 2106 desiimus
1739 2057 1811 2108 fa-

362 2142 482 2178 cere
514 2126 767 2177 laudanda
804 2164 819 2188 ‚
870 2126 1068 2177 laudari
1102 2142 1319 2193 quoque
1367 2125 1609 2193 ineptum
1659 2144 1814 2194 puta·

364 2217 501 2251 mus.
548 2197 761 2264 Quaeris
785 2196 879 2265 qui
904 2198 1015 2249 sint
1036 2198 1327 2271 versiculi,
1354 2199 1543 2267 quibus
1582 2201 1810 2268 gratiam

364 2272 683 2324 retulerim?
724 2270 1074 2329 Remitterem
1111 2286 1163 2322 te
1194 2273 1258 2322 ad
1291 2271 1465 2339 ipsum
1501 2276 1768 2324 volumen
1794 2313 1810 2338 ,

366 2345 472 2397 nisi
521 2344 773 2413 quosdam
814 2357 1069 2399 tenerem.
1116 2345 1200 2395 Tu
1225 2385 1240 2407 ‚
1283 2345 1331 2396 si
1379 2344 1674 2412 placuerint
1715 2346 1806 2410 hi,

365 2433 571 2470 ceteros
611 2417 671 2469 in
709 2416 849 2469 libro
886 2418 1143 2487 requires.
1196 2418 1502 2485 Alloquitur
1552 2418 1766 2469 Musam
1793 2457 1807 2482 ‚

365 2493 577 2544 mandat
621 2504 682 2541 ut
721 2492 941 2543 domum
978 2508 1150 2544 meam
1186 2490 1246 2542 in
1282 2490 1535 2561 Esquiliis
1571 2507 1772 2560 quaerat
1791 2529 1807 2557 ,

366 2566 515 2617 adeat
557 2578 863 2616 reverenter
890 2583 903 2616 :

441 2661 542 2711 Sed
563 2679 620 2712 ne
647 2677 852 2728 tempore
876 2679 970 2711 non
999 2677 1079 2710 tuo
1112 2658 1331 2728 disertam

442 2730 611 2800 Pulses
647 2734 776 2784 ebria
790 2734 987 2803 januam
1011 2769 1026 2792 ‚
1058 2735 1239 2785 videto.

445 2802 596 2858 Totos
635 2809 718 2856 dat
747 2808 930 2865 tetricaer
959 2810 1060 2858 dies
1097 2808 1330 2858 Minervae
1353 2841 1371 2866 ,

443 2881 578 2931 Dum
610 2896 789 2930 centum
812 2882 970 2942 studet
1009 2881 1195 2932 auribus
1220 2883 1424 2935 virorum

444 2953 556 3004 Hoc
586 2956 710 3021 quod
730 2950 896 3022 secula
920 2955 1186 3024 posterique
1206 2960 1393 3023 possint

388 3023 391 3025 Α
1610 3028 1810 3097 Arpinis
