1951 3720
421 289 1049 356 EP‘IsToLAE.
1100 282 1245 354 Lib.
1279 282 1362 355 ΙΙ.
1531 304 1629 378 37

174 407 558 477 pronuntiatio
579 444 594 468 ,
626 409 841 468 vultus,
871 403 1079 456 habitus
1101 442 1116 466 ,
1160 401 1329 472 gestus
1360 401 1519 455 etiam
1554 404 1630 456 di-

177 483 354 534 centis
379 480 582 549 adfigit.
604 481 718 531 Nifi
736 478 872 531 vero
886 477 1075 530 falsum
1097 491 1342 543 putamus
1363 477 1492 528 illud
1512 477 1632 527 AEs-

177 555 355 606 dzinis
372 593 389 617 ,
410 555 505 623 qui
532 570 698 621 quum
720 551 924 621 legifl‘et
947 550 1174 602 Rhodiis
1195 549 1498 601 orationem
1515 551 1635 601 De-

177 627 476 681 mosthenis
503 666 516 691 ‚
554 626 930 678 admirantibus
951 623 1164 693 ἱειιιιέὶὶε
1189 662 1208 686 ,
1245 622 1487 688 adjeciffe
1525 623 1638 674 fer-

177 715 299 764 tur,
338 703 410 760 ‘ra'
442 699 493 759 δὶ
540 704 582 756 ia
616 701 759 759 niun?
795 703 867 758 τέ
912 700 1073 775 θηρία
1111 697 1399 759 §suadeam
1438 698 1492 748 ὅ(
1523 708 1640 748 erat

177 779 463 832 AEschines
491 819 507 843 ‚
540 779 588 831 si
629 777 980 831 Demostheni
1023 777 1282 830 credimus
1308 816 1323 840 ,
1370 790 1631 854 napa-30·

179 858 528 929 φθιὸτηἿΘ-ιε
562 859 819 912 fatebatur
838 870 1017 908 tamen
1050 855 1212 925 longe
1238 855 1426 907 melitis
1450 846 1658 907 cadeni-

177 936 268 988 illa
298 935 671 1004 pronuntiasse
700 936 872 1004 ipsum
896 937 991 1005 qui
1020 952 1315 1004 pepererat.
1350 937 1484 1002 Quae
1510 950 1635 986 om·

179 1010 268 1060 nia
296 1013 405 1062 huc
424 1013 652 1062 tendunt
668 1049 682 1074 ,
712 1025 773 1060 ut
796 1009 971 1062 audias
1002 1010 1188 1062 Isaeum
1210 1049 1225 1073 ,
1257 1012 1348 1062 vel
1369 1009 1490 1061 ideo
1515 1021 1636 1058 tan-

180 1083 293 1141 tum
318 1099 382 1135 ut
421 1083 673 1137 audietis·
717 1083 877 1136 Vale.

208 1286 211 1289 ,
290 1232 408 1285 IV.
450 1231 787 1283 Puruus
829 1232 1209 1283 CAtvtuAE
1264 1243 1425 1282 stus
1465 1229 1528 1282 S.
1599 1256 1606 1263 ·

181 1360 368 1441 Ssuadet
406 1360 731 1435 hereditatem·
760 1366 902 1414 adeat
933 1360 1090 1429 patris
1122 1392 1140 1417 ,
1180 1358 1307 1427 cujus
1339 1377 1399 1410 aes
1434 1359 1642 1410 alienum

713 1463 765 1507 in
802 1453 858 1522 se
892 1450 1126 1521 suscepit.

190 1547 248 1640 S
274 1598 298 1634 1
344 1583 591 1652 pluribus
632 1597 781 1652 pater
825 1595 947 1632 tuus
972 1617 989 1642 ‚
1044 1576 1136 1629 vel
1183 1574 1497 1628 unicuilibet
1543 1574 1638 1627 alii

185 1655 343 1725 quam
369 1657 510 1708 mihi
541 1654 791 1709 debuiffet
809 1696 825 1719 ,
844 1650 1020 1706 fuiffet
1056 1647 1266 1702 fortasse
1298 1648 1643 1700 dubitandum

185 1728 251 1781 an
273 1731 451 1784 adires
488 1731 835 1783 hereditatem
853 1727 1016 1779 etiam
1038 1723 1163 1775 viro
1189 1738 1407 1792 gravem
1433 1740 1445 1773 ε
1476 1738 1645 1791 quum

184 1800 316 1856 itero
351 1822 460 1876 ego
494 1803 679 1857 duetus
709 1801 978 1857 affinitatis
1011 1796 1189 1849 officio
1211 1835 1226 1858 ‚
1251 1794 1484 1847 dimissis
1518 1810 1643 1846 om-

186 1878 340 1931 nibus
391 1879 490 1950 qui
511 1919 527 1943 ,
568 1894 683 1930 non
719 1877 843 1931 dico
882 1869 1213 1927 molestiores
1236 1910 1251 1933 ‚
1286 1870 1376 1922 sed
1413 1867 1642 1939 diligen-

189 1952 357 2005 tiores
376 1967 532 2007 erant
547 1991 565 2015 ‚
603 1953 832 2006 creditor
850 1949 994 2004 solus
1017 1943 1345 2001 exstiterim·²
1371 1960 1644 2013 quumque

190 2043 289 2095 ego
309 2026 538 2079 nubenti
562 2024 659 2077 tib'i
681 2024 739 2078 in
757 2026 938 2077 dotem
958 2035 1172 2074 centum
1197 2015 1367 2069 millia
1393 2019 1640 2068 contule-

193 2100 290 2162 rim
310 2139 327 2164 ‚
359 2115 560 2168 prater
578 2116 696 2153 eam
716 2099 972 2151 summam
997 2110 1154 2164 quam
1174 2106 1324 2159 pater
1346 2104 1467 2140 tuus
1493 2089 1647 2157 quasi

192 2174 254 2234 de
283 2192 410 2227 meo
452 2171 591 2225 dixit
616 2172 637 2239 (
663 2188 772 2224 erat
794 2169 940 2223 enim
959 2167 1214 2221 solvenda
1237 2166 1301 2216 de
1334 2179 1456 2214 meo
1477 2162 1498 2229 )
1526 2179 1646 2214 ma-

195 2264 353 2318 gnum
382 2248 549 2300 babes
577 2242 844 2299 facilitatis
883 2260 1015 2295 meae
1054 2239 1287 2308 pignus;
1324 2234 1471 2301 cujus
1504 2234 1640 2289 fidu-

194 2320 272 2371 cia
304 2323 462 2373 debes
489 2320 686 2373 famam
705 2315 936 2372 defunffi
955 2316 1322 2383 pudoremque
1342 2308 1602 2377 suscipere
1628 2329 1650 2363 ι

196 2391 257 2445 ad
284 2396 432 2463 quod
469 2411 536 2446 ne
564 2407 618 2445 te
654 2391 832 2445 verbis
868 2388 1036 2458 magis
1069 2384 1226 2455 quam
1246 2385 1399 2436 rebus
1419 2383 1603 2434 horter
1630 2422 1650 2446 ,

152 2516 156 2520 .
198 2463 453 2537 quidquid
482 2466 618 2519 mihi
643 2480 791 2534 pater
821 2478 943 2515 tuus
982 2460 1159 2512 debuit
1179 2498 1195 2522 ‚
1233 2472 1505 2524 acceptum
1543 2456 1647 2509 tibi

124 2575 128 2576 ff
196 2540 316 2592 ferri
350 2541 533 2607 jubeo,
583 2542 698 2592 Nec
738 2538 811 2591 est
853 2533 998 2605 quod
1030 2530 1263 2586 verearis
1296 2548 1364 2582 ne
1402 2529 1472 2582 sit
1508 2529 1647 2582 mihi

199 2616 423 2667 onerosa
452 2614 545 2669 ista
564 2611 806 2665 donatio,
838 2612 971 2672 Sunt
1001 2606 1214 2677 quidem
1236 2604 1461 2656 omnino
1482 2602 1645 2656 nobis

201 2689 420 2742 modicae
449 2689 762 2748 facultates,
791 2682 1017 2753 dignitas
1048 2678 1384 2747 sumptuosa,
1402 2676 1601 2728 reditus
1625 2715 1649 2739 ,

199 2776 416 2832 propter
456 2759 830 2818 conditionem
870 2757 1162 2826 agellorum
1185 2791 1199 2815 ‚
1238 2750 1417 2803 nescio
1462 2748 1646 2800 minor

202 2850 269 2896 an
303 2834 590 2890 incertior:
625 2834 714 2885 fed
754 2832 898 2901 quod
927 2827 1084 2882 ceffat
1120 2842 1189 2877 ex
1220 2824 1392 2876 reditu
1414 2860 1429 2884 ,
1466 2821 1643 2889 fruga-

203 2906 344 2962 litate
377 2910 657 2980 suppletur
677 2945 694 2971 ,
725 2922 796 2959 ex
815 2920 916 2973 qua
935 2903 1085 2956 velut
1116 2916 1187 2954 ex
1223 2899 1372 2953 fonte
1396 2935 1411 2960 ‚
1449 2893 1648 2964 liberag
