1951 3720
422 379 562 426 222
738 357 1002 424 CAII
1079 356 1496 425 PLINtt

414 474 643 529 humana
681 479 929 547 grandior
958 477 1338 547 pulchriorque
1363 496 1376 528 ε
1402 475 1686 545 perterrito
1709 476 1829 528 Afri-

415 567 531 602 cam
574 552 663 614 se,
707 551 1008 604 futurorum
1044 551 1396 620 praenuntiam
1435 550 1609 603 dixit:
1656 549 1829 602 ‘nutum

416 623 564 675 enim
619 625 847 677 Romam
885 664 900 688 ,
951 626 1289 693 honoresque
1345 623 1607 694 gesturum
1640 661 1655 685 ‚
1699 639 1829 691 atque

416 698 578 750 etiam
617 715 739 760 cum
768 699 978 751 summo
1004 698 1236 767 imperio
1273 698 1332 749 in
1369 699 1607 749 eamdem
1636 698 1829 764 provin·

417 770 553 821 ciam
586 772 919 823 reversurum
940 813 955 837 ‚
991 772 1171 841 ibique
1191 771 1529 823 moriturum.
1568 769 1834 821 factasunt

417 844 618 897 omnia.
662 845 918 897 Praeterea
949 843 1217 898 accedenti
1256 843 1631 914 Carthaginem
1657 882 1672 908 ‚
1708 859 1834 912 egre·

391 915 693 985 -dientique
718 922 912 971 nav‘em
934 958 949 982 ‚
984 921 1166 971 eadem
1197 917 1366 988 figura
1398 918 1454 969 in
1474 902 1662 969 littore
1685 933 1836 968 occur·

417 986 539 1040 riss‘e
577 1003 830 1046 narratur.
868 993 987 1061 Ipse
1021 992 1164 1045 certe
1196 992 1489 1059 implicitus
1515 991 1710 1042 morbo
1735 1030 1749 1052 ‚
1771 990 1837 1041 fu-

417 1076 534 1113 tura
574 1065 859 1132 praeteritis
897 1105 913 1129 ,
965 1066 1181 1119 adversa
1236 1065 1475 1117 secundis
1533 1078 1838 1133 auguratus,

420 1134 568 1204 spem
604 1138 784 1190 salutis
807 1176 821 1202 ,
864 1140 1016 1192 nullo
1068 1140 1285 1191 suorum
1335 1138 1646 1206 desperante
1673 1175 1689 1200 ‚
1735 1152 1839 1204 pro·

417 1204 563 1273 jecit.
624 1210 744 1265 Jam
789 1211 921 1264 illud
953 1229 1136 1264 nonne
1181 1212 1234 1263 &
1274 1211 1443 1280 magis
1488 1210 1729 1262 terribile
1753 1248 1766 1272 ,
1802 1208 1841 1260 ὅ(

419 1298 533 1334 non
564 1283 742 1337 minus
764 1284 959 1336 mirum
978 1284 1050 1338 est
1071 1325 1085 1349 ,
1111 1286 1256 1355 quod
1273 1300 1544 1352 exponam
1564 1298 1631 1335 ut
1651 1282 1841 1351 accepi?

416 1356 540 1407 Erat
561 1355 785 1409 Athenis
816 1357 1042 1425 spatiosa
1066 1360 1118 1411 &z
1148 1374 1314 1426 capax
1345 1359 1534 1410 domus
1557 1396 1570 1420 ,
1611 1357 1702 1409 sed
1733 1356 1841 1409 infa-

421 1428 527 1480 mis
584 1429 949 1499 &·pestilens.
1010 1431 1107 1483 Per
1152 1430 1427 1482 silentium
1474 1429 1661 1490 nostis
1709 1430 1841 1481 sonus

413 1499 544 1553 ferri
569 1542 584 1565 ‚
619 1503 671 1554 δι
693 1543 708 1567 ,
740 1504 786 1554 si
813 1506 1108 1557 'attenderes
1145 1505 1314 1557 acrius
1337 1543 1352 1567 ‚
1389 1502 1645 1574 strepitus
1679 1502 1844 1555 vincu-

418 1575 597 1626 lorum
629 1576 848 1647 longius
873 1575 1051 1646 primo
1070 1619 1084 1642 ,
1127 1578 1314 1629 deinde
1345 1594 1375 1629 e
1399 1577 1664 1646 proximo
1700 1577 1844 1630 redde·

413 1648 607 1701 ‘baturz
647 1666 780 1718 mox
817 1652 1096 1719 apparebat
1145 1652 1333 1703 idolon
1356 1691 1372 1715 ,
1404 1651 1567 1702 senex
1613 1649 1774 1701 macie
1806 1650 1847 1701 ὅ(

424 1721 665 1791 squalore
715 1724 1026 1788 Consedius,
1069 1724 1331 1793 promissa
1382 1721 1575 1788 barba,
1632 1723 1848 1776 horrenti

420 1795 615 1864 capillo
656 1836 671 1860 ‚
715 1797 951 1849 cruribus
1004 1799 1288 1866 compedes
1318 1803 1336 1862 ⁴,
1370 1797 1627 1867 manibus
1667 1811 1846 1849 catenas

421 1872 635 1942 gerebat
651 1911 665 1932 ,
688 1862 1087 1941 quatiebatque.¹
1112 1875 1237 1925 Inde
1257 1871 1678 1925 inhabitantibus
1705 1869 1849 1922 tristes

422 1942 657 2012 dirae'que
705 1943 1021 2013 no&es‘per
1059 1959 1260 1998 metum
1297 1945 1698 2015 vigilabantur:
1730 1943 1849 2012 vigi-

424 2015 551 2068 liam
588 2019 803 2070 morbus
827 2058 841 2081 ,
881 2019 944 2075 δε
970 2058 986 2082 ,
1030 2019 1293 2071 crescente
1339 2017 1633 2070 formidine
1668 2057 1683 2078 ‚
1729 2033 1849 2068 mors

427 2090 753 2158 sequebatur.
810 2093 947 2143 Nam
978 2092 1218 2144 >interdiu
1254 2108 1469 2160 quoque
1494 2131 1511 2155 ,
1548 2106 1850 2160 quamquam

427 2162 729 2229 abscefferat,
745 2164 927 2234 imago
940 2164 1240 2229 „memoria
1254 2164 1509 2235 imaginis
1528 2165 1715 2221 *oculis
1735 2165 1850 2220 iner-

425 2237 570 2288 rabat
612 2255 628 2296 ·,
677 2239 1000 2309 longiorque
1043 2238 1214 2291 causis
1260 2238 1475 2290 timoris
1516 2235 1700 2297 ‚tiinor
1744 2250 1850 2289 erat.

428 2311 652 2383 Deserta
675 2311 796 2364 inde
826 2314 1152 2364 &damnata
1173 2308 1458 2364 solitudine
1481 2312 1680 2363 domus
1697 2351 1712 2375 ‚
1734 2325 1852 2365 tota·

425 2400 534 2451 que
567 2384 648 2447 illi
689 2386 924 2447 monstro
949 2385 1131 2441 rebbla
1156 2404 1170 2438 :
1206 2385 1631 2454 proscribebatur
1661 2399 1824 2437 tamen
1840 2421 1851 2442 .

428 2459 523 2509 seu
545 2460 663 2528 quis
684 2477 859 2512 emere
883 2500 896 2523 ,
924 2461 1013 2512 seu
1034 2459 1153 2528 quis
1179 2459 1477 2512 conducere
1502 2458 1727 2528 ignarus
1745 2455 1855 2509 tanti

430 2532 560 2584 mali
595 2535 784 2586 vellet.
838 2534 1007 2587 Venit
1042 2535 1274 2586 Athenas
1316 2533 1675 2600 philosophus
1715 2531 1855 2584 Athe-

430 2607 669 2659 nodorus
691 2646 706 2668 ‚
740 2606 872 2676 legit
897 2607 1111 2659 titulum
1137 2645 1153 2671 ,
1190 2605 1478 2676 auditoque
1513 2606 1730 2675 pretio,
1756 2603 1854 2672 quia

430 2679 666 2748 suspeQa
701 2680 881 2741 vilitas
900 2721 915 2744 ,
956 2679 1324 2749 percunCtatus
1350 2720 1366 2744 ‚
1397 2679 1584 2733 omnia
1615 2681 1858 2737 docetur,

429 2770 491 2805 ac
540 2754 893 2807 nihilominus
916 2795 933 2818 ‚
970 2755 1140 2806 immo
1188 2751 1338 2806 tanto
1387 2755 1554 2822 magis
1584 2749 1857 2809 conducit.

432 2827 541 2879 Ubi
584 2826 1218 2897 coepitadvesperascere
1239 2868 1256 2892 ‚
1305 2826 1448 2892 jubet
1476 2825 1639 2880 sterni
1683 2822 1784 2877 sibi
1816 2822 1863 2874 in

420 2900 610 2969 prima
641 2901 834 2954 domus
857 2915 1009 2970 parte
1034 2941 1049 2965 ‚
1093 2902 1267 2970 poscit
1310 2900 1624 2969 pugillares,
1664 2897 1862 2954 stilum,

437 2975 655 3035 lumen:
694 2976 821 3035 suos
862 2992 1063 3038 omnes
1086 2975 1145 3028 in
1173 2973 1439 3034 interiora
1461 2970 1732 3047 dimittit3
1768 2967 1861 3036 ipse
