1951 3720
419 334 557 383 210
760 308 1030 379 CA11
1092 309 1516 378 ΡιιΝιι

425 469 426 472 η
464 434 609 488 XV.
651 434 978 487 Pnnrus
1024 433 1506 486 SATURNINO
1548 447 1699 487 suo
1736 437 1783 490 S.
1821 453 1827 472 ⁴

457 555 579 607 Rem
598 556 838 626 publicam
877 555 923 605 6·
963 554 1217 605 amicorum
1255 572 1420 605 curare
1460 557 1695 620 honestum
1733 559 1802 621 est.

408 664 762 763 Rl-:Quuus
802 700 931 770 quid
970 703 1164 772 agam?
1201 700 1330 767 Quo
1359 701 1496 753 nosti
1522 742 1538 766 ‚
1571 703 1829 773 distringor

406 777 587 830 officio
602 815 616 839 ‚
654 775 844 828 amicis
864 776 1110 828 deservio
1133 815 1147 839 ‚
1167 775 1349 828 studeo
1371 776 1637 829 interdum
1660 818 1674 840 ,
1711 781 1832 846 quod

406 868 521 903 non
571 849 833 901 interdum
855 889 869 913 ,
904 850 993 903 sed
1034 850 1207 902 solum
1234 890 1248 912 ,
1291 850 1605 919 semperque
1646 852 1830 915 facere,

406 942 521 976 non
560 925 729 975 audeo
777 923 950 976 dicere
1003 923 1196 976 rectius
1222 963 1237 986 ‚
1285 921 1427 975 certe
1479 924 1685 976 beatius
1725 940 1830 978 erat.

408 999 487 1050 Te
511 997 613 1050 alia
632 997 814 1050 omnia
834 1037 849 1060 ,
882 996 1043 1067 quam
1070 1015 1186 1067 quae
1218 996 1356 1049 velis
1378 1035 1393 1060 ‚
1419 1015 1575 1067 agere
1596 1035 1611 1061 ‚
1638 997 1833 1052 moleste

406 1071 600 1124 ferrem
633 1111 649 1134 ,
686 1071 791 1123 nisi
816 1089 876 1122 ea
897 1111 913 1134 ‚
951 1089 1069 1141 qua:
1093 1072 1206 1141 agis
1228 1109 1244 1135 ‚
1276 1069 1441 1123 essent
1465 1071 1835 1126 honestissima.

408 1147 548 1197 Nam
588 1146 641 1197 &
683 1144 986 1213 reipublicae
1028 1145 1132 1197 suae
1170 1147 1385 1213 negotia
1422 1162 1644 1210 curare,
1672 1147 1724 1197 &
1757 1146 1838 1197 dis-

408 1234 620 1287 ceptare
675 1218 815 1270 inter
854 1218 1057 1270 amicos
1078 1258 1093 1282 ‚
1150 1221 1305 1270 laude
1346 1217 1726 1288 dignissimum
1761 1218 1836 1273 est.

407 1292 573 1347 Prisci
609 1292 772 1344 nostri
811 1291 1221 1344 contubernium
1260 1290 1549 1355 iucundum
1589 1294 1689 1345 tibi
1724 1293 1837 1346 futu·

409 1384 528 1423 tum
551 1366 796 1419 sciebam.
837 1368 1112 1419 Noveram
1135 1365 1536 1433 simplicitatem
1575 1364 1692 1430 ejus
1715 1406 1729 1430 ‚
1763 1384 1837 1418 no·

406 1457 594 1493 veram
631 1439 980 1492 comitatem:
1018 1441 1262 1492 eumdem
1300 1438 1401 1491 ess‘e
1435 1480 1451 1503 ,
1498 1442 1647 1508 quod
1690 1440 1835 1492 mimis

407 1530 599 1585 noram
620 1553 635 1576 ‚
660 1512 1022 1582 gratissimum
1046 1513 1328 1581 experior,
1355 1531 1522 1582 quum
1541 1530 1652 1565 tam
1672 1512 1834 1578 jucun-

409 1586 478 1640 ἀὲ
508 1588 808 1639 officiorum
844 1586 1145 1639 nostrorum
1177 1586 1476 1640 meminisse
1500 1605 1627 1640 eum
1652 1589 1836 1640 scribas·

411 1662 570 1716 Vale.

412 1786 568 1839 XVI.
618 1785 879 1837 Pumus
919 1785 1177 1836 FABATO
1217 1782 1601 1835 Pnosocssno
1644 1797 1761 1835 suo
1796 1783 1837 1835 S.

415 1909 639 1962 Titanem
683 1906 883 1977 confidit
922 1906 1131 1956 libenter
1158 1923 1218 1956 ex
1256 1906 1426 1957 itinere
1466 1904 1755 1974 deversatum
1792 1907 1844 1955 ad

415 2032 420 2037 ,
484 1983 714 2036 Fabatum
741 2017 757 2040 ‚
799 1995 852 2030 ut
888 1981 1097 2030 vindi&
1138 1980 1309 2031 liberet
1352 1998 1471 2042 eos,
1508 1999 1624 2048 quos
1656 1981 1843 2032 Fabatus

487 2058 617 2108 inter
649 2056 824 2106 amicos
858 2055 1147 2105 manumisit.

424 2167 890 2262 CALESTMUM
927 2201 1189 2255 Tironem
1218 2200 1641 2256 familiarissime
1666 2202 1838 2274 diligo,

416 2279 471 2329 &
507 2277 731 2346 privatis
764 2277 897 2329 mihi
930 2278 984 2329 &
1009 2277 1238 2345 publicis
1262 2277 1742 2331 necessitudinibus
1765 2279 1840 2328 im-

413 2351 680 2420 plicitum.
738 2353 908 2403 Simul
948 2351 1300 2403 militavimus
1324 2390 1338 2412 ‚
1377 2349 1536 2402 simul
1580 2351 1840 2420 quaestores

417 2425 639 2477 Caesaris
676 2424 892 2478 fuimus.
935 2426 1032 2478 Ille
1069 2442 1155 2477 me
1186 2425 1243 2475 in
1274 2425 1544 2477 tribunatu
1570 2427 1841 2478 liberorum

413 2497 529 2565 jure
565 2500 834 2567 praecessit
861 2518 877 2558 ·‚
908 2516 1011 2569 ego
1047 2498 1197 2551 illum
1232 2501 1288 2550 in
1324 2514 1549 2567 praetura
1577 2500 1694 2551 sum
1732 2515 1842 2551 con·

416 2573 624 2625 secutus
649 2612 664 2636 ,
702 2590 868 2640 quum
917 2573 1052 2624 mihi
1099 2573 1270 2625 Caesar
1309 2589 1505 2625 annum
1554 2572 1841 2626 remisisset.

414 2648 529 2716 Ego
572 2648 629 2698 in
664 2646 821 2699 villas
867 2645 981 2711 ejus
1019 2647 1155 2714 saepe
1197 2647 1425 2706 secessi3
1468 2647 1558 2698 ille
1608 2647 1667 2698 in
1702 2650 1840 2699 domo

414 2737 534 2773 mea
553 2721 690 2788 saepe
706 2720 999 2772 convaluit.
1023 2719 1126 2771 Hic
1147 2736 1285 2772 nunc
1298 2737 1398 2788 pro
1417 2720 1634 2772 consule
1647 2720 1842 2790 provin·

415 2794 556 2845 ciam
579 2793 828 2846 Baeticam
861 2810 955 2860 per
978 2793 1226 2855 Ticinum
1249 2792 1321 2845 est
1340 2793 1622 2861 petiturus,
1663 2796 1839 2862 Spero,

414 2867 589 2920 immo
611 2865 827 2919 confido
847 2906 863 2931 ‚
883 2865 1038 2919 facile
1063 2884 1148 2919 me
1163 2866 1567 2935 impetraturum
1584 2907 1600 2930 ,
1617 2865 1841 2919 utexiti·

414 2957 542 2994 nere
563 2939 802 2995 deflectat
821 2942 884 2994 ad
903 2955 974 3006 te,
993 2940 1039 2992 si
1051 2943 1207 2995 voles
1225 2940 1463 2995 vindista
1474 2940 1714 3002 liberare,
1727 2954 1842 3009 quos
