1951 3720
405 292 542 386 238
681 293 1009 364 ,CA11
1083 292 1497 360 PLINII

396 413 633 467 vixerim
654 453 672 478 ‚
714 416 879 482 pudet
904 418 916 467 !
950 415 1079 466 Non
1111 414 1296 466 dubito
1319 413 1564 466 similiter
1594 411 1714 466 affici
1737 417 1801 470 te}

396 489 525 541 Scio
564 487 722 557 quam
763 488 836 540 sit
870 489 968 540 tibi
1007 488 1169 540 vivus
1209 490 1263 541 &
1300 486 1556 557 ingenuus
1585 488 1794 541 animus:

394 561 522 615 ideo
553 562 759 614 facilius
791 560 864 613 est
884 601 900 625 ‚
932 577 994 614 ut
1025 578 1110 613 me
1157 578 1474 630 quamquam
1513 560 1797 630 indignatio-

395 652 465 687 ne
486 635 790 704 quibusdam
824 636 882 686 in
904 636 1042 689 locis
1067 634 1276 687 fortass'e
1294 637 1428 686 ultra
1458 633 1681 702 epistolae
1702 651 1796 686 mo·

394 710 522 760 dum
568 709 855 761 extulerim
891 749 908 773 ‚
952 726 1139 779 parum
1177 707 1397 761 doluisse
1421 746 1437 772 ,
1477 707 1632 777 quam
1669 707 1797 760 nimis

400 783 599 835 credas.
648 783 803 835 Vale.

531 896 685 958 VII.
728 904 1059 957 Ptnuus
1100 906 1409 957 Tam-ro
1452 917 1598 958 suo
1636 906 1685 958 S.

391 999 456 1052 In
491 1002 662 1052 librum
697 1004 762 1052 ad
785 1001 839 1068 se
870 1001 1044 1068 miffum
1073 1022 1101 1050 a
1140 1002 1310 1052 Tacito
1348 1021 1404 1052 eo
1433 1000 1489 1070 se
1517 1004 1622 1067 jure
1655 998 1799 1072 usurum

582 1098 741 1157 dicit,
789 1101 914 1166 quod
947 1095 1045 1167 ipse
1075 1100 1272 1149 dederit.
1320 1099 1444 1151 Vide
1464 1115 1536 1162 7,
1574 1114 1655 1153 20.

399 1183 498 1279 N
521 1234 612 1282 EQ
631 1236 724 1274 σε
761 1237 822 1274 ut
851 1220 1099 1289 magistro
1133 1222 1409 1291 magister,
1446 1239 1620 1291 neque
1652 1235 1704 1272 ut
1729 1220 1802 1273 dis-

388 1294 572 1362 cipulo
611 1295 897 1363 discipulus
918 1297 939 1363 (
965 1296 1044 1346 sic
1062 1296 1207 1347 enim
1230 1297 1410 1348 scribis
1431 1296 1453 1363 )
1487 1298 1577 1348 sed
1604 1311 1662 1347 ut
1678 1295 1801 1347 disci·

394 1370 527 1434 pulo
559 1369 800 1437 magister
841 1370 862 1437 (
903 1385 1027 1421 nam
1068 1384 1125 1420 tu
1163 1369 1407 1439 magister
1428 1410 1444 1433 ‚
1478 1380 1583 1440 ego
1613 1369 1800 1427 contr'a3

388 1455 549 1509 atque
590 1440 713 1494 ideo
749 1457 808 1492 tu
850 1442 910 1493 in
953 1441 1187 1495 scholam
1235 1461 1460 1496 revocas
1481 1482 1499 1507 ‚
1531 1461 1631 1513 ego
1669 1443 1801 1494 adhuc

390 1514 685 1566 Saturnalia
721 1517 954 1567 extendo
985 1516 1007 1581 )
1047 1516 1240 1568 librum
1264 1516 1475 1569 misisti.
1514 1519 1651 1569 Num
1674 1515 1801 1583 potui

388 1587 606 1657 longius
630 1588 968 1658 hyperbaton
991 1590 1197 1653 facere,
1229 1606 1387 1658 atque
1416 1592 1525 1643 hoc
1557 1591 1669 1658 ipso
1699 1604 1801 1656 pro·
1870 1611 1871 1614 ¹

387 1661 511 1714 bare
542 1678 663 1713 eum
694 1661 797 1713 effe
823 1679 938 1726 me,
960 1662 1053 1731 qui
1075 1681 1190 1716 ιιοιι
1219 1663 1385 1717 modo
1417 1663 1659 1734 magister
1676 1677 1801 1725 tuus,

392 1733 481 1785 sed
517 1751 583 1786 ne
619 1734 904 1804 discipulus
945 1736 1161 1805 quidem
1190 1738 1407 1790 debeam
1438 1739 1581 1791 dici.
1569 1741 1589 1773 ²
1623 1700 1802 1790 Sumam

389 1819 569 1859 tamen
605 1811 884 1876 personam
914 1810 1186 1879 magistri,
1213 1828 1537 1881 exeramque
1567 1810 1623 1863 in
1643 1812 1801 1864 librum

387 1892 539 1932 tuum
570 1880 689 1945 ius,
723 1886 869 1967 quod
895 1884 1120 1943 dedisti3
1151 1884 1219 1937 eo
1248 1886 1508 1950 liberius,
1532 1884 1672 1955 quod
1690 1883 1798 1936 nihil

389 1969 460 2007 ex
496 1955 632 2007 meis
672 1956 889 2008 interim
925 1956 1169 2010 mifi'urus
1205 1959 1323 2011 sum
1358 1960 1504 2024 tibi,
1540 1963 1599 2012 in
1631 1975 1728 2029 quo
1760 1970 1801 2009 te

387 2026 679 2081 ulciscaris.
725 2031 880 2083 Vale.

496 2149 1056 2205 V111.Pr1n1us
1095 2152 1445 2206 Romano
1486 2167 1633 2207 svo
1671 2154 1719 2206 S.

751 2271 979 2323 Clitumni
997 2272 1154 2339 fhntis
1188 2270 1467 2342 defieriptic).

390 2352 528 2448 Vl
543 2406 585 2443 D
602 2407 625 2443 1
643 2407 669 2444 s
685 2408 723 2445 ‘r
740 2409 764 2445 1
780 2409 820 2445 N
835 2409 870 2446 ε
909 2395 1194 2464 aliquando
1220 2395 1553 2450 Clitumnum
1583 2397 1799 2452 fontem?

386 2467 446 2520 Si
483 2468 721 2519 nondum
742 2468 764 2536 (
788 2470 840 2521 ὃ(
864 2484 997 2536 puto
1017 2472 1288 2522 nondum.
1277 2489 1288 2501 ·
1316 2471 1563 2540 alioquin
1583 2468 1799 2524 narrass'es

387 2540 555 2608 mihi)
577 2540 741 2600 vide,
773 2559 932 2609 quem
956 2561 1058 2613 ego
1087 2543 1107 2607 (
1128 2542 1358 2611 poenitet
1375 2544 1636 2598 tarditatis
1654 2544 1676 2611 )
1694 2560 1800 2613 pro-

388 2613 536 2667 xime
566 2613 706 2667 vidi
737 2616 988 2668 Modicus
1027 2617 1181 2669 collis
1205 2615 1455 2687 affut-git,
1490 2618 1705 2688 antiqua
1726 2635 1799 2669 cu·

386 2687 562 2756 press‘u
583 2689 897 2741 nemorosus
941 2691 994 2740 &
1032 2707 1246 2757 opacus.
1304 2692 1462 2743 Hunc
1497 2693 1673 2745 subter
1701 2693 1799 2744 fons

387 2762 539 2825 exit,
584 2762 637 2813 &
672 2762 993 2833 exprimitur
1025 2763 1261 2831 pluribus
1293 2764 1493 2829 venis,
1529 2767 1621 2819 sed
1653 2766 1798 2832 impa-

387 2836 566 2893 ribus·‚
596 2834 952 2905 eluCiatusque
1003 2854 1162 2905 quem
1203 2837 1328 2890 facit
1366 2840 1669 2909 gurgitem,
1705 2841 1798 2890 lato

389 2907 598 2977 gremio
626 2909 849 2978 patescit
881 2928 1047 2980 purus
1080 2912 1134 2964 δι
1170 2911 1412 2977 vitreus,
1450 2931 1511 2968 ut
1551 2925 1798 2966 numerare
