1951 3720
340 251 480 345 276
629 250 959 319 ‘CAII
1024 250 1447 320 ΡιιΝιι

329 348 425 403 est.
473 348 681 402 Omnes
716 366 819 419 ego
840 387 856 412 ,
897 350 992 418 qui
1031 367 1284 421 maguum
1321 350 1545 419 aliquod
1580 360 1792 404 memo-i

283 484 292 489 ,
330 424 661 491 randumque
697 423 936 476 fecerunt
955 463 973 488 ‚
1012 440 1129 475 non
1165 423 1329 476 modo
1364 423 1527 476 venia
1551 463 1569 489 ‚
1605 426 1791 478 verum

326 495 496 549 etiam
525 498 677 549 laude
714 496 1063 566 dignissimos
1087 496 1304 562 judice,
1341 497 1388 548 si
1410 498 1792 551 immortafita-

327 582 473 628 tem,
497 586 655 638 quam
678 586 948 633 metuere,
968 568 1264 633 fethrum,
1285 569 1593 640 visturique
1614 571 1793 623 nomi.-

331 642 421 695 nis
449 643 641 695 famam
674 643 931 711 supremis
964 643 1126 695 etiam
1166 643 1336 696 titulis
1374 661 1678 712 prorogare
1709 645 1793 698 ni-

331 729 537 769 tuntur.
596 718 710 768 Nec
748 716 906 769 facile
956 734 1279 786 quemquam
1314 717 1426 769 nasi
1475 716 1792 786 Virgini&

333 787 605 852 invenio,
646 788 795 855 cujus
821 805 970 841 tanta
990 789 1051 842 iu
1072 790 1408 858 praedicando
1427 791 1759 842 verecundia
1778 828 1794 855 ,

336 878 532 931 quanta
563 862 733 932 gloria
753 880 825 915 ex
840 861 1003 916 faeie.
1044 864 1160 931 Ipse
1186 863 1301 915 sum
1331 862 1475 916 testis
1499 903 1515 928 ,
1562 863 1799 916 familia-

334 936 466 988 riter
485 937 547 988 ab
569 952 638 988 eo
673 935 894 989 dilectus
917 937 1274 1007 probatusque
1294 976 1313 1000 ,
1340 937 1505 989 semel
1523 939 1764 989 omnino
1781 976 1797 1000 ,

335 1025 425 1061 me
458 1008 704 1061 audiente
723 1048 739 1072 ,
781 1009 1102 1078 provestum
1127 1048 1142 1073 ‚
1177 1025 1237 1061 ut
1259 1011 1325 1061 de
1356 1011 1512 1062 rebus
1545 1010 1660 1066 suis
1692 1011 1798 1062 hoc

336 1082 508 1134 unum
548 1082 809 1145 referret
844 1082 920 1135 ita
970 1083 1148 1136 secum
1203 1081 1487 1151 aliquando
1534 1083 1800 1136 Cluvium

337 1157 620 1208 locutum·
659 1156 803 1214 Scis,
838 1155 1066 1226 Virgini,
1108 1174 1205 1224 quae
1238 1157 1435 1220 lustoriae
1456 1157 1591 1224 fides
1624 1159 1802 1209 debea-

340 1245 459 1280 tur:
490 1230 693 1298 proinde
725 1230 767 1280 .ςὶ
802 1231 915 1297 quid
948 1231 1000 1280 in
1033 1230 1238 1292 historus
1270 1231 1383 1281 meis
1414 1231 1533 1298 legis
1571 1232 1731 1282 aliter·
1749 1249 1802 1281 ac

340 1304 500 1361 velis,
535 1321 649 1371 rogo
680 1301 911 1371 ignoscas.
967 1303 1051 1354 Ad
1083 1303 1188 1354 hoc
1228 1302 1357 1355 ille:
1394 1300 1525 1354 Tune
1556 1338 1573 1363 ,
1614 1306 1803 1364 Cluvi,

342 1376 534 1445 ignoras
560 1410 574 1435 ‚
604 1378 710 1426 ideo
748 1395 817 1427 me
845 1375 1012 1443 feczss'e
1043 1378 1169 1443 quod
1185 1372 1325 1442 feci,
1364 1393 1416 1427 ut
1450 1375 1564 1442 effer
1600 1378 1803 1429 liberum

344 1450 481 1502 vobis
492 1447 699 1516 scribere
717 1488 732 1512 ‚
756 1468 852 1517 quae.
872 1449 1110 1516 libuiffet.
1103 1450 1126 1483 ⁹
1154 1450 1433 1518 Agedum,
1455 1450 1600 1502 hunc
1623 1451 1803 1520 ipsum

344 1522 697 1575 Frontinum'
685 1539 743 1573 in
762 1522 869 1574 hoc
885 1522 1008 1590 ipso
1032 1561 1048 1585 ,
1074 1521 1133 1573 in
1155 1539 1264 1591 quo
1284 1522 1383 1575 tibi
1405 1523 1623 1591 parcior
1642 1524 1803 1577 vide·

342 1609 434 1648 tur
454 1597 507 1648 δι
526 1595 761 1664 pressior
779 1635 795 1659 ,
820 1611 1208 1663 comparemus.
1235 1596 1427 1648 Vetuit
1449 1595 1652 1648 exstrui
1680 1615 1806 1650 mo-

342 1685 702 1725 numentum:
740 1669 834 1721 sed
875 1669 1069 1737 quibus
1103 1667 1328 1722 verbis?
1372 1668 1591 1738 Impensa
1630 1670 1805 1723 monu-

343 1745 493 1794 menti
514 1741 809 1812 supervacua
833 1744 897 1806 est
916 1760 932 1793 .·
963 1743 1188 1794 memoria
1205 1743 1355 1805 nostri
1373 1743 1594 1804 durabit,
1618 1746 1666 1795 si
1703 1746 1805 1797 νὶεᾶ

344 1818 608 1871 meruimus.
644 1817 730 1869 An
751 1814 1036 1869 restrictius
1060 1815 1323 1876 arbitraris
1353 1832 1449 1885 per
1480 1817 1674 1871 orbem
1697 1833 1803 1873 ter-

345 1908 527 1944 rarum
570 1892 853 1961 legendnm
900 1893 1022 1943 dare
1059 1930 1074 1954 ‚
1131 1892 1428 1942 duraturam
1475 1894 1801 1945 memoriam

348 1965 544 2028 suam,
583 1982 742 2033 quam
801 1981 912 2016 uno
961 1964 1020 2016 in
1065 1966 1195 2016 loco
1251 1965 1453 2017 duobus
1510 1966 1800 2019 versiculis

348 2038 557 2107 signare
580 2040 724 2107 quod
739 2038 955 2090 feceris.
942 2040 962 2075 ³
985 2038 1322 2105 Quamquam
1340 2053 1453 2089 non
1470 2037 1646 2091 habeo
1669 2056 1798 2107 pro-

350 2112 592 2179 positum
627 2111 781 2163 illum
814 2110 1265 2178 reprehendendi,
1300 2110 1387 2162 sed
1407 2111 1550 2163 hunc
1575 2112 1795 2173 tuendi3

351 2182 506 2249 cujus
542 2201 659 2252 quae
694 2183 866 2251 potest
900 2185 1039 2251 apud
1069 2198 1120 2235 te
1153 2182 1339 2248 justior
1373 2181 1477 2235 effe
1507 2185 1754 2239 defensio
1779 2224 1797 2250 ‚

350 2257 512 2326 quam
542 2274 612 2309 ex
647 2255 937 2309 collatione
971 2255 1088 2322 ejus
1118 2273 1279 2325 quem
1296 2256 1574 2325 praetulisti
1601 2260 1625 2311 ἒ
1665 2259 1797 2312 Meo

350 2329 567 2399 quidem
596 2328 797 2394 judicio
819 2344 1008 2382 neuter
1032 2330 1322 2398 culpandus
1342 2368 1358 2393 ,
1398 2346 1633 2398 quorum
1651 2347 1794 2384 uter-

351 2420 456 2472 que
492 2404 556 2455 ad
589 2403 813 2472 gloriam
848 2404 963 2473 pari
987 2402 1271 2473 cupiditate
1291 2442 1309 2467 ,
1349 2402 1566 2456 diverso
1602 2403 1794 2458 itinere

349 2475 666 2537 contendit·,
700 2479 830 2529 alter
849 2516 865 2540 ‚
901 2478 1028 2530 dum
1065 2475 1271 2545 expetit
1312 2475 1519 2529 debitos
1559 2475 1794 2538 titulos·‚

349 2547 483 2608 alter
513 2551 639 2606 dum
668 2552 872 2605 mavult
892 2549 1070 2605 videti
1108 2548 1509 2628 gontempsifl'e.
1545 2550 1711 2608 vale.
