1951 3720
443 260 893 334 TRAJANO
945 279 1337 336 chws,
1437 286 1585 360 423

126 381 414 456 postremo
433 399 492 437 ut
510 384 887 454 experimento
911 385 1352 455 cognosceretur,
1387 386 1439 438 &
1469 386 1595 440 ante

126 475 243 531 nos
276 473 460 528 gratos
483 497 499 519 ,
530 460 619 511 sed
652 458 877 512 miseros
911 458 1061 513 fuiffe
1087 494 1103 520 ,
1146 458 1340 528 quibus
1363 458 1469 512 effe
1490 477 1603 513 nos-

125 546 322 602 gratos
360 533 587 601 probare
622 548 775 585 antea
804 549 918 585 non
943 531 1118 586 licuit.
1151 535 1223 584 At
1242 533 1347 601 qua
1365 549 1593 586 conterr-

124 606 295 659 tione
326 644 343 669 ‚
382 622 496 679 quo
518 606 637 659 nisu
658 645 673 670 ,
716 605 906 676 quibus
929 606 1249 659 clamoribus
1284 606 1600 675 expostula--

124 692 256 732 tum
278 678 357 732 est
375 718 394 743 ,
419 696 486 734 ne
509 678 726 732 affectus
746 679 955 733 nostros
975 720 999 744 ,
1038 697 1121 733 ῐιεΔ
1139 694 1230 732 tua
1259 681 1452 733 merita
1474 682 1595 750 sup·

123 752 404 821 primeres
426 790 443 815 ‚
475 751 704 823 denique
723 769 783 806 ut
802 755 860 805 in
883 754 1160 822 posterum
1173 756 1427 822 exemplo
1458 771 1599 822 pro·

123 825 354 879 videres
372 829 384 880 !
407 826 629 879 Discant
643 828 696 880 δι
715 825 992 895 Principes
1005 826 1411 886 acclamationes
1429 844 1590 880 veras

126 898 402 968 falsasque
437 899 731 953 discernere
754 939 771 964 ,
811 902 1141 970 habeantque
1184 901 1421 954 muneris
1459 900 1540 953 tui
1568 938 1596 966 ,

125 970 287 1041 quod
311 971 612 1042 jam-decipi
630 990 744 1026 non
764 989 1037 1042 poterunt.
1071 975 1201 1026 Non
1230 973 1599 1027 instruendum-

124 1043 247 1098 inis
279 1045 384 1099 iter
405 1048 471 1099 ad
496 1047 693 1100 bonam
720 1047 913 1101 famam
929 1087 944 1112 ,
979 1046 1067 1099 sed
1085 1063 1198 1100 non
1216 1047 1557 1102 deserendum
1573 1065 1593 1099 τ

125 1135 253 1172 non
291 1119 655 1174 submovenda
691 1119 925 1174 adulatio
955 1159 972 1184 ,
1021 1120 1111 1174 sed
1144 1137 1258 1173 non
1296 1122 1591 1174 reducenda

125 1193 229 1246 est.
275 1193 498 1247 Certum
532 1195 608 1246 est
636 1195 692 1248 Gt
720 1211 845 1264 quae.
860 1195 1032 1247 facere
1061 1232 1078 1259 ,
1126 1195 1178 1246 &
1213 1212 1329 1263 quae
1365 1192 1592 1249 debeant

126 1267 322 1319 audire
341 1306 362 1331 ,
398 1267 446 1319 si
472 1267 686 1323 faciant.
719 1268 865 1334 Quid
884 1284 1026 1320 nunc
1043 1284 1146 1338 ego
1168 1267 1323 1335 super
1339 1285 1400 1320 ea
1420 1308 1435 1333 ,
1468 1285 1589 1337 quar

129 1339 255 1392 fum
268 1357 393 1393 cum
412 1356 533 1394 toto
547 1342 730 1394 senatu
748 1356 990 1410 precatus
1007 1380 1022 1405 ,
1044 1357 1144 1408 pro
1164 1341 1353 1394 senatu
1364 1358 1547 1409 precer
1562 1345 1597 1395 ἓ

129 1413 247 1466 nisi
279 1427 342 1467 ut
374 1412 572 1468 haereat
601 1413 784 1467 animo
817 1429 915 1468 tuo
952 1414 1199 1484 gaudium
1226 1454 1241 1479 ,
1284 1416 1429 1484 quod
1459 1429 1591 1468 tunc

129 1487 315 1541 oculis
333 1487 598 1556 protulisti
622 1506 637 1541 ι
664 1505 808 1541 ames
822 1489 983 1540 illum.
999 1488 1140 1540 diem
1160 1527 1179 1552 ,
1200 1489 1253 1541 δι
1273 1503 1454 1542 tamen
1470 1489 1590 1541 vin·

130 1575 226 1613 cas
248 1579 264 1614 :
299 1577 446 1617 nova
473 1562 724 1616 merearis
746 1602 769 1627 ,
796 1578 944 1614 nova
980 1561 1180 1615 audias.
1219 1562 1414 1615 Eadem
1440 1562 1595 1617 enim
1658 1628 1661 1631 ,

131 1633 245 1687 dici
275 1634 385 1687 nisi
414 1637 486 1688 ob
521 1637 706 1690 eadem
728 1633 862 1689 faeta
891 1651 1007 1686 non
1035 1633 1267 1703 pofl'unt.

210 1708 474 1762 Lxxvl.
504 1709 534 1763 J
539 1725 625 1761 am
660 1707 821 1778 quam
853 1708 1133 1777 antiquum
1155 1747 1171 1772 ,
1210 1706 1370 1776 quam
1394 1707 1591 1760 consu·

131 1783 245 1834 lare
272 1821 291 1851 ‚
330 1781 479 1853 quod
506 1782 739 1836 triduum
763 1796 940 1834 totum
968 1781 1178 1834 senatus
1208 1782 1304 1834 sub
1331 1785 1596 1849 exemplo

130 1856 216 1909 tui
256 1855 395 1910 sedit
415 1896 432 1921 ,
471 1874 637 1927 quum
674 1856 882 1910 interea
916 1853 1056 1908 nihil
1087 1871 1280 1924 praeter
1312 1853 1595 1908 consulem-

131 1946 321 2001 ageres
345 1934 359 1985 !
397 1930 756 2003 Interrogavit
777 1929 1001 2000 quisque
1033 1931 1179 1999 quod
1208 1928 1407 1997 placuit
1431 1948 1455 1982 :¹
1479 1929 1591 1982 dis<

130 2003 336 2057 sentire
361 2043 377 2069 ,
402 2005 666 2058 discedere
684 2043 701 2070 ,
738 2005 793 2057 ἃ
816 2003 1031 2072 copiam
1060 2000 1244 2067 judicii
1274 2002 1354 2055 sui
1377 2003 1596 2071 reipub..

129 2077 310 2130 facere
333 2091 509 2131 tutum
531 2079 654 2132 fuit.
691 2076 937 2131 Consulti
978 2093 1171 2128 omnes
1189 2114 1206 2140 ‚
1242 2091 1399 2145 atque
1421 2076 1589 2129 etiam

131 2151 462 2203 dinumerati
485 2151 665 2205 sumus
680 2191 695 2215 ,
713 2149 954 2219 vicitque
973 2149 1234 2202 sententia
1251 2166 1364 2202 non
1382 2150 1552 2217 prima
1567 2188 1588 2214 ,

131 2223 227 2276 fed
267 2224 483 2279 melior.
527 2226 598 2277 At
632 2223 753 2294 quis
782 2237 935 2276 antea
970 2222 1126 2291 loqui
1164 2261 1181 2286 ‚
1231 2223 1350 2292 quis
1381 2223 1596 2276 hiscere·

130 2299 362 2351 audebat
383 2338 404 2363 ,
431 2313 622 2366 pra-‚ter
643 2297 865 2349 miseros
897 2296 1059 2360 illos,
1099 2294 1192 2364 qui
1221 2296 1392 2364 primi.
1415 2296 1597 2350 inter--

130 2372 495 2442 rogabantur?
526 2371 698 2446 ceteri
722 2369 936 2441 quidem
967 2367 1134 2422 defixi
1165 2371 1219 2422 δε
1253 2369 1470 2424 attoniti
1499 2371 1590 2440 ip··

129 2444 246 2497 sam
274 2444 425 2497 illam
456 2459 659 2497 mutam
689 2460 752 2497 ac
778 2443 1126 2496 sedentariam
1157 2441 1466 2497 affentiendi
1488 2461 1596 2497 ne-

132 2518 446 2571 cessitatem
475 2535 585 2588 quo
608 2533 730 2571 cum
760 2518 948 2570 dolore
970 2515 1136 2568 animi
1156 2556 1172 2581 ‚
1210 2531 1319 2587 quo
1351 2534 1472 2571 cum
1504 2533 1596 2570 to·

129 2589 244 2644 rius
268 2592 516 2659 corporis
544 2594 769 2645 horrore
802 2590 1231 2660 perpetiebantur
1257 2595 1268 2644 !
1304 2592 1456 2645 Unus
1494 2591 1588 2645 so-

128 2666 330 2734 lusque
372 2665 614 2719 censebat
656 2666 801 2734 quod
851 2665 1193 2736 sequerentur
1242 2681 1430 2748 opines
1461 2704 1476 2729 ,
1532 2665 1589 2717 δε

131 2753 335 2792 omnes
370 2738 734 2808 improbarent
769 2777 786 2802 ‚
837 2738 896 2789 in
941 2738 1128 2806 primis
1172 2738 1284 2806 ipse
1322 2739 1415 2808 qui
1456 2755 1592 2791 cen·

131 2813 314 2865 fuerat
335 2830 349 2863 t
376 2814 509 2866 adeo
522 2816 666 2866 nulla
684 2812 851 2881 magis
867 2812 1115 2864 omnibus
1133 2811 1411 2880 displicent
1424 2810 1594 2880 quanta

133 2898 257 2955 ‹111ae
278 2885 363 2940 sic
381 2885 518 2941 fiunt
538 2925 554 2952 ,
592 2901 868 2956 tamquam
879 2885 1127 2940 omnibus
1158 2888 1416 2955 placeant.
1447 2886 1591 2939 For*
