1951 3720
349 352 449 423 94
690 329 966 397 CAII
1041 327 1462 396 ΡιιΝιι

347 451 648 520 quisquam.
712 447 958 518 Superest
997 464 1059 501 ut
1108 448 1238 501 scias
1284 445 1470 516 quanti
1520 444 1806 500 videantur

349 523 497 592 posse
541 523 686 582 emi3
723 524 960 576 sestertio
1012 522 1227 574 tricies:
1255 538 1369 574 non
1405 519 1528 589 quia
1565 536 1677 571 non
1713 518 1803 571 ali·

352 600 563 666 quando
596 597 946 666 quinquagies
990 594 1226 655 fuerint3
1259 594 1450 647 verum
1489 596 1542 645 &
1581 595 1679 644 hac
1718 608 1805 660 pe·

351 671 505 723 nuria
525 673 879 733 colonorum,
903 670 956 722 δε
990 669 1265 721 communi
1303 666 1565 737 temporis
1608 664 1805 734 iniqui·

350 749 457 795 tate
490 784 506 808 ,
546 759 606 795 ut
653 744 850 797 reditus
900 759 1148 813 agrorum
1182 780 1196 805 ,
1239 740 1319 793 sic
1359 743 1521 793 etiam
1566 739 1804 808 pretium

352 832 499 868 retro
538 816 685 871 abiit.
737 816 949 883 Quaeris
983 832 1051 867 an
1084 816 1188 867 hoc
1226 815 1400 882 ipsum
1425 813 1605 866 tricies
1647 810 1804 864 facile

350 891 605 959 colligere
656 892 970 959 possimus?
1024 890 1153 941 Sum
1184 888 1399 956 quidem
1440 886 1613 955 prope
1654 899 1804 937 totus

350 963 411 1014 in
448 964 698 1031 praediis:
734 964 933 1033 aliquid
966 978 1146 1014 tamen
1179 963 1429 1014 foenero:
1470 977 1567 1011 nec
1602 958 1804 1011 moles·

351 1050 466 1088 tum
504 1036 606 1089 erit
645 1037 893 1090 mutuari.
932 1035 1253 1103 Accipiama
1277 1034 1433 1087 socru
1453 1073 1469 1097 ‚
1503 1032 1657 1099 cujus
1683 1031 1804 1083 arca

352 1126 464 1161 non
512 1111 662 1163 secus
703 1127 762 1162 ac
803 1110 922 1162 med
961 1126 1102 1161 utor.
1159 1108 1388 1182 Proinde
1433 1107 1538 1159 hoc
1595 1121 1652 1157 te
1694 1121 1805 1158 non

351 1200 571 1235 moveat
593 1223 607 1248 ,
644 1185 690 1236 si
720 1200 893 1236 cetera
933 1200 1047 1235 non
1077 1184 1440 1251 refragantur3
1480 1196 1598 1249 quae
1635 1178 1804 1231 velim

351 1255 512 1325 quam
549 1255 959 1327 diligentissime
1003 1256 1295 1309 examines.
1352 1257 1490 1306 Nam
1530 1270 1705 1322 quum
1748 1251 1804 1304 in

354 1330 604 1382 omnibus
628 1334 780 1384 rebus
802 1371 816 1394 ‚
847 1347 962 1381 tum
997 1329 1055 1381 in
1086 1328 1427 1397 disponendis
1464 1326 1804 1379 facultatibus

351 1403 644 1468 plurimum
679 1404 779 1458 tibi
819 1406 875 1457 &
906 1404 1030 1456 usus
1063 1404 1118 1456 ἃ
1157 1399 1512 1471 providentia
1547 1398 1805 1469 superest·

354 1476 508 1529 Vale.

462 1596 603 1652 XX.
656 1597 986 1650 Fui-uus
1038 1598 1392 1649 MAxxmo
1441 1608 1590 1650 suo
1634 1595 1694 1649 S.

355 1720 523 1791 Legem
546 1722 849 1772 tabellarium
873 1756 887 1780 ,
924 1718 1011 1786 seu
1038 1721 1221 1769 modum
1241 1717 1542 1787 siff-agundi
1567 1737 1670 1769 non
1693 1715 1807 1769 νὶνᾶ

425 1814 540 1845 voce
567 1830 582 1855 ,
606 1793 695 1864 sed
710 1814 800 1864 per
820 1794 1026 1845 tabellas
1047 1794 1097 1844 ἱη
1118 1794 1458 1865 magistratibus
1485 1793 1802 1853 mandandIS,

420 1868 617 1937 senatui
639 1869 891 1939 placuiffe.

357 2027 469 2117 M
491 2077 877 2129 mnms'nmz
913 2075 968 2116 te
1004 2064 1142 2133 saepe
1178 2061 1358 2132 legist'e
1399 2077 1625 2131 quantas
1662 2080 1802 2116 con-

356 2137 625 2190 tentiones
662 2137 907 2190 excitarit
953 2139 1046 2189 lex
1084 2136 1350 2189 tabellaria
1381 2175 1396 2198 ,
1435 2150 1801 2206 quantumque

354 2209 462 2278 ipsi
495 2212 656 2263 latori
688 2213 781 2263 vel
817 2210 1002 2280 gloriae
1025 2250 1039 2273 ‚
1063 2211 1156 2262 vel
1186 2210 1617 2278 reprehensionis
1655 2225 1800 2271 attu-

354 2284 518 2336 lerit?
560 2287 632 2336 At
666 2301 807 2337 nunc
844 2284 902 2335 in
946 2284 1130 2336 senatu
1168 2284 1284 2336 sine
1324 2285 1432 2335 ulla
1473 2282 1800 2336 dissensione

355 2357 460 2409 hoc
494 2357 635 2410 idem
656 2397 671 2421 ‚
708 2373 768 2409 ut
791 2356 1059 2426 optimum
1081 2397 1096 2420 ,
1133 2358 1350 2425 placuit.
1392 2356 1600 2409 Omnes
1618 2357 1798 2410 comi·

355 2430 557 2482 tiorum
587 2431 671 2484 die
711 2432 924 2483 tabellas
947 2432 1363 2499 postulaverunt.
1401 2429 1798 2484 Excess‘eramus

357 2503 479 2559 saise
521 2503 805 2556 manifestis
841 2504 947 2557 illis
985 2504 1283 2574 apertisque
1325 2503 1585 2573 suffragiis
1626 2504 1798 2557 licen·

354 2576 485 2628 tiam
524 2578 867 2632 concionum.
915 2581 1045 2630 Non
1091 2594 1300 2647 tempus
1339 2577 1597 2647 loquendi
1629 2617 1646 2642 ,
1683 2595 1800 2630 non

354 2652 562 2702 tacendi
598 2651 848 2704 modestia
870 2690 885 2714 ,
918 2667 1033 2703 non
1055 2652 1281 2721 denique
1316 2652 1528 2704 sedendi
1562 2651 1796 2720 dignitas

354 2723 751 2778 custodiebatur.
787 2720 975 2796 Magni
1004 2727 1238 2795 undique
1260 2725 1565 2794 dissonique·
1586 2728 1795 2778 clamo·

353 2814 476 2849 res:
519 2801 896 2866 procurrebant
930 2816 1119 2852 omnes
1154 2815 1281 2852 cum
1314 2799 1420 2852 suis
1456 2799 1792 2851 candidatis:
1841 2829 1854 2835 -

354 2873 517 2923 multa
564 2872 775 2942 agmina
816 2873 873 2924 in
919 2873 1098 2925 medio
1138 2913 1152 2937 ‚
1196 2873 1455 2942 multique
1502 2871 1690 2924 circuli
1736 2873 1794 2924 &

352 2944 601 3004 indecora
647 2947 897 3000 confusio
929 2967 943 3000 z
1004 2949 1138 3000 adeo
1166 2947 1554 3004 desciveramus
1583 2963 1614 2998 a
1650 2961 1793 2998 con-
