1951 3720
356 334 502 417 405
649 325 1521 397 PANEGrntcvs

355 447 665 502 adscendit?
695 462 808 501 non
839 448 1073 502 debitum
1109 447 1217 501 hoc
1258 447 1383 502 illi?
1419 463 1535 501 non
1567 450 1668 502 vel
1708 447 1810 502 sola

357 523 572 591 generis
620 522 857 574 claritate
913 521 1270 591 promeritum
1318 525 1340 575 ἓ
1386 520 1640 592 Contigit
1689 539 1808 592 ergo

354 596 583 664 privatis
624 596 829 664 aperire
870 612 1070 647 annum
1095 633 1111 658 ,
1154 594 1415 666 fastosque
1454 596 1696 648 reserare
1719 615 1735 655 3
1760 598 1807 649 ἃ

357 669 464 720 hoc
515 686 732 738 quoque
779 670 1014 721 reddime-
1040 668 1300 721 libertatis
1350 668 1616 720 indicium
1663 669 1760 720 fuit
1791 707 1808 734 ,

359 740 506 810 quod
540 743 724 796 consul
755 743 889 794 alius
924 740 1085 810 quam
1118 742 1291 794 Caesar
1319 740 1466 794 effet.
1492 742 1584 794 Sic
1616 741 1808 794 exactis

358 815 572 885 regibus
622 815 790 883 coepit
832 814 967 867 liber
1018 831 1186 866 annus
1219 834 1233 866 :
1272 814 1349 866 sic
1404 814 1541 866 olim
1584 814 1807 868 servitus

361 889 508 956 pulsa
543 927 559 951 ,
602 889 811 956 privata
843 888 990 941 fastis
1028 887 1254 941 'nomina
1303 887 1536 941 induxit.
1578 887 1808 941 Miseros

359 962 706 1026 ambitionis,
729 963 822 1032 qui
858 961 933 1013 ita
962 961 1207 1014 consules
1243 962 1487 1028 semper,
1511 975 1574 1012 ut
1606 961 1809 1030 semper

322 1056 327 1062 ·
357 1030 631 1103 Principes
671 1049 822 1088 erant
862 1039 874 1089 Ξ
914 1036 1252 1119 Quamquam
1286 1050 1394 1086 non
1429 1033 1667 1086 ambitio
1705 1052 1807 1086 ma·

358 1107 442 1177 gis
479 1146 495 1171 ,
531 1107 693 1177 quam
732 1109 879 1161 livor
925 1109 995 1160 &
1027 1107 1331 1178 malignitas
1369 1106 1550 1159 videri
1597 1108 1807 1176 potest,

357 1196 549 1233 omnes
588 1199 758 1240 annos
788 1181 1105 1251 possidere,
1138 1182 1509 1249 summumque
1536 1180 1678 1232 illud
1701 1198 1806 1250 pur·

356 1269 504 1322 purat
538 1256 698 1308 decus
738 1272 853 1308 non
886 1255 995 1307 nisi
1031 1268 1382 1324 praecerptum
1422 1253 1807 1322 praefloratum·

359 1344 466 1397 que
496 1328 872 1382 transmittere.
907 1329 1080 1379 Tuam
1113 1326 1250 1381 vero
1280 1327 1808 1438 magnanimitatem,

357 1417 427 1452 an
471 1401 778 1454 modestiam
817 1441 833 1465 ,
875 1417 942 1453 an
982 1402 1363 1472 benignitatem
1408 1401 1554 1470 prius
1600 1402 1808 1455 mirer.

358 1471 776 1543 Magnanimitas
807 1474 909 1527 fuit
939 1475 1185 1542 expetito
1220 1475 1426 1542 semper
1456 1474 1682 1527 honore
1713 1474 1809 1528 abs·

358 1545 531 1600 tinere
565 1566 583 1608 ·,
621 1547 875 1601 modestia
915 1549 1155 1602 cedere
1142 1583 1160 1608 ,
1199 1547 1498 1619 benignitas
1534 1564 1641 1616 per
1682 1548 1808 1602 alios

363 1620 492 1674 itui.

433 1694 575 1749 LIX.
615 1695 718 1748 Sed
756 1693 861 1761 jam
902 1708 1116 1764 tempus
1154 1694 1227 1747 est
1263 1707 1319 1747 te
1362 1693 1470 1764 ipsi
1512 1693 1807 1748 consulatui

361 1767 605 1836 praestare
630 1808 647 1832 ,
688 1783 751 1820 ut
788 1767 1050 1835 majorem
1088 1785 1213 1820 eum
1245 1767 1584 1838 suscipiendo
1624 1785 1806 1839 geren-

358 1843 537 1912 doque
577 1841 753 1898 facias,
791 1844 930 1895 Nam
965 1840 1157 1912 saepius
1194 1842 1477 1907 recusare:
1508 1844 1806 1915 ambiguam

357 1925 420 1967 ac
460 1915 641 1985 potius
677 1917 834 1969 ssillam
880 1916 1377 1985 interpretationem
1421 1918 1587 1970 habet
1623 1959 1639 1982 ,
1678 1934 1803 1971 tam·

360 2003 519 2058 quam
554 1990 821 2043 minorem
855 2006 1031 2058 putes,
1059 1992 1157 2042 Tu
1175 1991 1389 2059 quidem
1418 2005 1480 2043 ut
1510 1992 1803 2044 maximum

346 2063 647 2116 recusasti:
683 2065 775 2116 sed
814 2066 921 2117 hoc
955 2064 1265 2133 persuadere
1310 2064 1515 2118 nemini
1561 2064 1765 2134 poteris
1785 2104 1799 2130 ,

359 2135 466 2206 nisi
497 2136 781 2205 aliquando
815 2139 868 2190 δε
897 2154 1013 2190 non
1042 2138 1385 2191 recusaveris.
1411 2139 1599 2205 Quum
1627 2155 1799 2201 arcus,

360 2218 524 2277 quum
565 2225 767 2279 tropaea
804 2252 821 2276 ,
868 2229 1034 2281 quum
1077 2210 1266 2263 statuas
1305 2211 1604 2280 deprecaris
1643 2250 1659 2275 ,
1708 2211 1798 2263 tri-

354 2283 563 2336 buenda
606 2284 682 2337 est
722 2287 1056 2339 verecundiae
1105 2298 1209 2337 tuae
1251 2285 1413 2337 venia
1458 2302 1474 2336 t
1523 2284 1617 2337 illa
1658 2284 1795 2337 enim

358 2355 482 2409 sane
527 2358 626 2410 tibi
670 2358 927 2412 dicantur.
979 2360 1133 2411 Nunc
1173 2355 1310 2410 vero
1361 2356 1688 2425 postulamus
1743 2369 1798 2409 ut

354 2429 567 2483 futuros
620 2431 889 2500 Principes
939 2434 1129 2484 doceas
1182 2430 1387 2483 inertiae
1441 2430 1745 2483 renuntiare
1778 2470 1794 2494 ,

359 2504 625 2573 paulisper
662 2505 875 2558 delicias
915 2503 1126 2557 differre
1158 2544 1174 2568 ‚
1216 2504 1482 2573 paulisper
1525 2506 1579 2556 &
1619 2505 1794 2557 saltem

268 2613 270 2616 v
357 2580 424 2629 ad
450 2576 828 2630 brevissimum
856 2592 1067 2647 tempus
1087 2617 1103 2642 ,
1135 2594 1205 2629 ex
1227 2578 1324 2631 illo
1359 2577 1630 2631 felicitatis
1663 2578 1794 2630 som·

320 2670 326 2682 ·
359 2668 434 2703 no
481 2652 634 2702 velut
672 2651 894 2703 excitari
925 2663 962 2713 ·,“
984 2653 1201 2705 induere
1239 2663 1553 2720 praetextam
1581 2692 1600 2716 ,
1641 2667 1791 2721 quam

359 2729 525 2794 quum
556 2726 678 2777 dare
718 2724 927 2794 poffent
951 2729 966 2788 ,
992 2725 1338 2793 occuparint;
1363 2727 1668 2779 adscendere
1709 2741 1789 2776 cu·

359 2800 530 2850 sulem
568 2813 726 2867 quam
762 2799 1033 2851 detineant
1056 2819 1072 2860 ;
1096 2796 1203 2851 effe
1228 2799 1457 2869 denique
1495 2801 1640 2867 quod
1666 2814 1790 2849 con·

359 2870 641 2939 cupierunt
686 2885 706 2931 3
764 2888 863 2923 nec
916 2872 1038 2925 ideo
1094 2871 1299 2925 tantum
1354 2875 1498 2925 velle
1548 2872 1787 2924 consules

360 2942 480 2998 fieri
503 2983 521 3011 ,
549 2960 611 3000 ut
649 2945 864 3001 fuerint.
905 2944 1130 3000 Gessisti
1168 2946 1392 3001 alterum
1420 2945 1740 3001 consulatum
1768 2980 1786 3007 ,
