1951 3720
312 293 446 383 176
617 290 900 358 CAlt
969 291 1421 359 Ρ-ιιΝιι

303 427 379 463 no
401 450 414 474 ,
440 410 731 480 ceterisque
751 411 845 479 qui
856 411 1238 481 pervigilarant
1252 451 1268 473 ‚
1291 410 1476 465 reddit.
1511 411 1577 463 In
1596 425 1761 469 com-2

304 500 465 537 mune
505 485 837 549 consultant,
884 485 1023 536 intra
1058 484 1195 537 tecta
1226 484 1533 547 subsistant,
1582 502 1655 536 an
1696 486 1755 536 in

303 573 492 625 aperto
530 573 807 627 vagentur.
851 560 989 610 Nam
1025 558 1220 610 crebris
1248 557 1509 626 vastisque
1543 574 1756 609 tremo-

305 630 451 683 ribus
492 631 628 683 testa
670 634 920 683 nutabant
960 670 975 695 ,
1021 632 1073 683 &
1117 630 1271 698 quasi
1310 646 1489 682 emota
1542 630 1757 682 sedibus

304 702 415 755 suis
441 743 457 765 ‚
496 721 635 757 nunc
690 706 794 756 huc
820 744 835 768 ‚
874 721 1013 755 nunc
1062 704 1189 755 illuc
1240 703 1380 755 abire
1430 719 1520 768 aut
1565 702 1759 758 referri.

306 776 637 830 videbantur.
685 779 790 829 Sub
821 777 911 829 dio
942 777 1150 839 rursm,
1187 793 1506 845 quamquam
1544 776 1757 828 levium

306 849 695 917 exesorumque
727 851 999 918 pumicum
1040 851 1185 901 casus
1210 851 1537 901 metuebatur
1558 887 1573 911 ‚
1610 850 1760 916 quod

308 936 490 974 tamen
548 924 907 990 periculorum
962 922 1189 976 collatio
1237 922 1397 991 elegit
1432 940 1448 981 ·,
1510 922 1563 973 ὃ(
1618 923 1761 989 apud

307 995 463 1045 illum
500 996 714 1063 quidem
749 997 888 1048 ratio
916 998 1181 1048 rationem
1201 1034 1216 1059 ,
1241 997 1379 1063 apud
1413 994 1547 1046 alios
1585 994 1760 1047 timo-

309 1083 426 1118 rem
459 1068 624 1121 timor
663 1069 817 1122 vicit.
871 1068 1167 1121 Cervicalia
1203 1068 1460 1136 capitibus
1499 1068 1765 1135 imposita

309 1137 492 1192 linteis
529 1141 911 1212 constringunt.
970 1143 1030 1194 Id
1082 1141 1474 1194 munimentum
1506 1141 1764 1198 adversus

313 1211 601 1266 incidentia
625 1214 743 1269 fuit.
780 1216 809 1269 J
813 1232 899 1267 am
917 1214 1030 1267 dies
1049 1216 1208 1278 alibi,
1231 1214 1343 1266 illic
1365 1231 1480 1266 nox
1504 1214 1763 1266 omnibus

313 1286 558 1339 noctibus
589 1288 794 1357 nigrior
829 1289 1149 1357 densiorque
1171 1328 1185 1352 ‚
1220 1305 1378 1356 quam
1408 1302 1589 1339 tamen
1618 1288 1763 1340 faces

311 1362 495 1412 multae
516 1361 767 1429 variaque
788 1362 991 1414 lumina
1010 1362 1325 1413 solabantur.
1353 1360 1557 1412 Placuit
1577 1360 1765 1430 egredi

309 1430 372 1485 in
409 1432 558 1485 littus
590 1472 605 1496 ‚
646 1435 698 1484 &
732 1451 763 1486 e
803 1433 1058 1503 proximo
1098 1433 1361 1501 adspicere
1411 1433 1604 1502 ecquid
1653 1433 1764 1494 iam

308 1522 458 1558 mare
488 1506 788 1559 admitteret
814 1545 843 1569 ‚·
872 1508 1018 1575 quod
1051 1509 1216 1559 adhuc
1241 1506 1445 1559 vastum
1484 1507 1538 1558 &
1567 1508 1765 1559 adver—

312 1579 429 1631 sum
478 1577 831 1646 permanebat.
893 1580 971 1631 Ibi
1020 1580 1175 1647 super
1221 1578 1479 1644 abjectum
1532 1579 1765 1632 linteum

312 1652 566 1703 recubans
587 1690 602 1713 ,
628 1652 788 1704 semel
809 1668 970 1721 atque
992 1653 1182 1705 iterum
1202 1652 1445 1721 frigidam
1473 1654 1727 1720 poposcit
1748 1691 1765 1717 ,

314 1724 595 1793 hausitque
622 1744 635 1777 :
672 1725 858 1778 deinde
889 1725 1115 1778 flammae
1140 1764 1153 1788 ‚
1173 1724 1612 1795 flammarumque
1633 1743 1767 1794 prae-

317 1797 539 1849 nuntius
577 1800 712 1850 odor
746 1798 956 1851 sulfuris
980 1839 994 1862 ‚
1032 1799 1166 1851 alios
1209 1799 1267 1849 in
1297 1800 1474 1869 fugam
1502 1814 1730 1852 vertunt
1749 1838 1764 1864 ,

314 1872 556 1923 excitant
592 1873 761 1926 illurn.
816 1873 1056 1925 Innitens
1089 1872 1312 1925 servulis
1355 1875 1558 1926 duobus
1601 1873 1765 1934 affut-0

317 1944 462 1996 rexit
483 1984 499 2009 ,
534 1944 587 1995 &
608 1943 783 1997 statim
800 1945 1034 1998 concidit
1054 1985 1070 2008 ,
1089 1961 1149 1997 ut
1172 1963 1274 2015 ego
1308 1945 1553 2013 conjecto
1567 1985 1583 2010 ,
1619 1964 1765 1999 cras-

319 2017 466 2070 siore
504 2016 728 2087 caligine
771 2018 959 2085 spiritu
996 2018 1260 2071 obstruite
1282 2059 1296 2081 ‚
1333 2020 1619 2087 clausoque
1649 2019 1766 2071 sto·

316 2092 509 2142 macho
533 2129 548 2154 ,
588 2091 681 2159 qui
711 2091 790 2143 illi
823 2091 1008 2143 natura
1046 2091 1311 2143 invalidus
1333 2130 1347 2155 ,
1391 2090 1634 2160 angustus
1656 2132 1671 2156 ,
1714 2094 1768 2144 δι

315 2163 621 2233 frequenter
658 2161 1014 2216 interaestuans
1047 2172 1175 2216 erat.
1230 2163 1338 2215 Ubi
1379 2165 1495 2217 dies
1529 2165 1781 2217 redditus'

318 2237 344 2302 (
371 2236 415 2290 is
454 2239 515 2290 ab
552 2253 619 2288 eo
645 2277 660 2301 ‚
705 2254 863 2306 quem
897 2236 1197 2290 novissime
1236 2237 1444 2289 viderat
1465 2276 1481 2301 ‚
1526 2238 1717 2289 tertius
1746 2239 1767 2305 )

320 2324 517 2378 corpus
548 2310 827 2362 inventum
863 2310 1126 2379 integrum
1149 2350 1169 2375 ‚v
1190 2310 1410 2362 illaesum
1438 2349 1453 2373 ‚
1492 2324 1768 2380 opertum-

321 2399 426 2451 que
448 2423 462 2445 ,
496 2398 555 2433 ut
590 2382 760 2434 fuerat
793 2383 1043 2437 indutus:
1069 2383 1276 2435 habitus
1308 2382 1552 2451 corporis
1587 2383 1767 2451 quies·⁴

321 2456 465 2507 tenti
515 2453 953 2523 quamdefunno
996 2455 1244 2508 similior.
1303 2456 1524 2508 Interim
1564 2456 1769 2509 Miseni

323 2545 428 2597 ego
468 2530 520 2580 δι
558 2540 744 2582 mater.
796 2531 908 2590 Sed,
938 2529 1071 2582 nihil
1118 2530 1182 2580 ad
1222 2527 1493 2581 historiam
1513 2566 1530 2591 ‚
1569 2545 1669 2580 nec
1711 2544 1769 2580 tu

323 2602 468 2654 aliud
504 2601 661 2670 quam
703 2603 766 2654 de
802 2601 953 2653 exitu
982 2601 1095 2668 ejus
1134 2602 1266 2654 scire
1298 2601 1544 2654 voluisti.
1579 2601 1769 2665 Finem

324 2692 455 2745 ergo
484 2674 707 2727 faciam:
746 2691 910 2726 unum
940 2675 1185 2740 adjiciam
1214 2713 1228 2737 ,
1269 2675 1450 2726 omnia
1485 2691 1603 2738 me,
1645 2675 1767 2742 qui·

277 2810 280 2813 ,
325 2750 421 2803 bus
460 2747 796 2800 interfueram
821 2787 836 2811 ‚
871 2765 1094 2817 quaeque
1117 2745 1288 2799 statim
1306 2787 1321 2811 ‚
1342 2764 1507 2816 quum
1531 2746 1769 2800 maxime

326 2839 455 2873 vera
474 2834 834 2874 memorantur
848 2859 864 2885 ,
886 2821 1189 2873 audiveram
1205 2859 1219 2882 ,
1246 2819 1374 2873 vete
1395 2821 1728 2889 persecutum
1752 2839 1769 2873 ε

327 2910 386 2948 tu
422 2894 706 2965 potissima
752 2910 1025 2965 excerpes.
1073 2893 1233 2947 Aliud
1263 2893 1337 2946 est
1384 2893 1530 2948 enim
1566 2893 1770 2962 episto-
