1951 3720
343 359 589 428 EPIS
624 374 929 432 ToLAE.
960 361 1109 430 Lib.
1145 359 1280 432 IX.
1384 376 1513 456 293

129 478 435 536 XXXVII.
478 481 810 534 Pennus
850 481 1215 535 Pauus-o
1259 497 1410 536 suo
1462 485 1524 539 S.

168 600 358 671 Excusat
378 600 433 670 se
452 635 467 661 ‚
501 599 626 670 qubd
658 620 754 652 uon
775 602 930 670 possit
964 602 1210 653 Kalendis
1235 603 1477 656 Ianuariis

327 697 475 765 adeffe
509 697 721 749 Paulino
757 692 1049 766 consulatum
1089 701 1285 752 inituro.

133 784 209 878 N
225 834 301 874 ac
320 836 420 875 tuae
442 836 642 874 naturae
677 819 750 873 est
774 859 790 884 ‚
828 821 1134 876 transsatitia
1161 823 1274 876 haec
1298 824 1350 875 δε
1375 823 1531 892 quasi

128 894 303 961 publica
323 894 493 947 officia
514 912 545 947 a
580 894 927 948 familiaribus
959 896 1144 949 amicis
1177 913 1362 950 contra
1380 898 1528 965 ipso-

128 984 220 1019 rum
244 971 577 1022 commodum
613 970 827 1037 exigere
847 988 863 1028 ·‚
886 970 939 1021 &
974 986 1079 1039 ego
1111 984 1164 1023 te
1199 970 1527 1024 constantius

130 1057 223 1093 amo
241 1081 254 1105 ,
283 1042 433 1113 quam
474 1058 535 1095 ut
568 1059 755 1095 verear
774 1081 790 1106 ‚
818 1059 884 1094 ne
915 1043 1068 1096 aliter
1092 1060 1151 1096 ac
1174 1044 1345 1097 velim
1383 1047 1541 1097 acciae

128 1114 247 1180 pias,
283 1115 384 1168 nisi
413 1132 465 1168 te
495 1115 751 1168 Kalendis
785 1114 957 1168 statim
988 1117 1259 1169 consulem
1295 1118 1525 1172 videro:

128 1189 375 1253 praesertim
400 1206 567 1258 quum
589 1207 675 1244 me
700 1190 987 1242 necessitas
1011 1193 1358 1243 locandorum
1391 1209 1528 1259 prae-

128 1260 300 1314 diorum
342 1267 522 1333 plures
571 1279 739 1315 annos
788 1263 1093 1316 ordinatura
1133 1265 1364 1317 detineat
1404 1284 1421 1324 3
1471 1265 1530 1316 in

129 1350 206 1401 qua
240 1337 362 1388 mihi
414 1352 563 1388 nova
615 1336 840 1388 consilia
889 1339 1138 1389 sumenda
1187 1338 1324 1390 suut.
1389 1340 1530 1389 Nam

128 1408 272 1473 priore
309 1409 466 1462 lustro
492 1449 508 1473 ,
552 1426 869 1477 quamquam
914 1410 1032 1478 post
1067 1428 1283 1480 magnas
1336 1409 1532 1463 remis-

129 1480 274 1535 siones
295 1523 308 1545 ‚
331 1483 535 1552 reliqua
570 1497 887 1535 creverunt:
922 1485 1045 1536 inde
1080 1483 1344 1552 plerisque
1381 1486 1530 1537 nulla

128 1550 211 1615 jam
237 1572 346 1608 cura
376 1557 651 1608 minuendi
677 1574 795 1608 aeris
834 1556 996 1608 alieni
1033 1595 1048 1620 ‚
1070 1559 1214 1625 quod
1254 1558 1532 1624 desperant

129 1626 243 1691 pofl'e
283 1630 515 1697 persolvi
548 1650 560 1682 :
605 1629 816 1697 rapiunt
857 1630 1020 1682 etiam
1042 1668 1058 1691 ‚
1099 1631 1525 1698 consumuntque

130 1703 244 1767 quod
269 1719 439 1755 natum
471 1702 550 1755 est
569 1742 584 1764 ,
622 1717 681 1753 ut
713 1704 804 1770 qui
841 1700 946 1766 jam
984 1717 1171 1770 putent
1207 1702 1261 1753 se
1291 1718 1405 1754 non
1428 1703 1533 1757 sibi

129 1789 321 1840 parcere.
349 1777 752 1830 Occurrendum
773 1793 902 1845 ergo
927 1774 1323 1844 augescentibus
1343 1774 1494 1826 vitiis
1517 1813 1534 1838 ‚

133 1846 172 1910 &
200 1852 493 1903 medendum
530 1848 620 1903 est.
671 1850 925 1901 Medendi
972 1866 1078 1901 una
1115 1848 1253 1901 ratio
1277 1888 1291 1912 ‚
1332 1848 1379 1901 si
1421 1865 1535 1901 non

131 1933 313 1976 nummo
336 1965 351 1988 ‚
383 1927 470 1977 sed
498 1925 734 1992 partibus
767 1926 942 1976 locem
964 1962 980 1984 ,
1012 1939 1071 1974 ac
1095 1922 1283 1974 deinde
1305 1938 1374 1973 ex
1394 1921 1531 1975 meis

133 1993 301 2062 aliquos
322 1998 501 2066 operis
531 1998 807 2049 exactores
833 2037 848 2060 ,
880 1996 1118 2049 custodes
1149 1995 1404 2048 fructibus
1429 2013 1535 2064 po-

133 2082 244 2128 nam.
281 2071 357 2122 Est
387 2071 633 2138 alioquin
662 2073 865 2121 nullum
885 2069 1068 2134 justius
1093 2085 1258 2139 genus
1295 2069 1494 2121 reditus
1514 2107 1530 2132 ‚

134 2140 259 2207 quam
286 2148 424 2213 quod
454 2160 596 2196 terra
615 2182 631 2204 ‚
670 2146 900 2205 coelum,
939 2161 1107 2195 annus
1140 2143 1325 2194 refert:
1355 2157 1408 2194 at
1428 2143 1536 2194 hoc

133 2229 335 2284 magnam
374 2217 535 2270 fidem
558 2255 573 2279 ‚
609 2233 753 2268 acres
797 2219 986 2269 oculos
1011 2257 1027 2280 ‚
1066 2216 1372 2269 numerosas
1419 2232 1535 2268 ma·

133 2303 209 2339 nus
250 2292 427 2357 poscit.
487 2289 881 2357 Experiendurn
935 2305 1112 2342 tamen
1135 2328 1151 2353 ‚
1191 2290 1243 2341 δι
1285 2288 1437 2356 quasi
1476 2289 1534 2341 in

131 2357 270 2413 veteri
292 2366 476 2417 morbo
499 2404 514 2427 ‚
556 2363 801 2431 quaelibet
839 2363 1153 2416 mutationis
1184 2363 1383 2414 auxilia
1423 2378 1538 2415 ten·

131 2437 255 2487 tanda
284 2437 416 2491 sunt.
460 2437 630 2489 Vides
665 2436 823 2505 quarn
861 2453 973 2489 non
1014 2436 1235 2488 delicata
1267 2453 1352 2488 me
1383 2435 1534 2487 causa

132 2507 250 2561 obire
287 2512 520 2579 primum
557 2512 858 2563 consulatus
907 2510 987 2562 tui
1028 2509 1168 2561 diem
1207 2526 1319 2561 non
1355 2509 1535 2567 sinat;

132 2595 260 2646 quem
298 2600 474 2637 tamen
514 2584 600 2636 hic
639 2601 852 2653 quoque
888 2623 904 2646 ‚
943 2598 1003 2634 ut
1040 2582 1305 2652 praesens,
1344 2581 1493 2635 votis
1517 2606 1550 2644 ‚-

132 2656 291 2720 gaudio
313 2698 329 2723 ‚
369 2657 724 2729 gratulatione
759 2658 1051 2711 celebrabO.
1084 2657 1241 2711 Vale.

1178 3045 1230 3097 N
1254 3041 1310 3109 iij
