1951 3720
359 278 545 356 ·²50
745 257 1018 327 CAtt
1084 259 1518 329 PLINII

395 380 485 433 hic
523 380 695 433 soluta
743 380 797 432 δε
842 380 1008 434 libera
1042 398 1316 444 armentu
1353 398 1510 454 atque
1547 382 1684 438 inter
1715 385 1816 441 liaet

398 455 647 506 arborum
690 469 908 508 truncos
943 494 958 519 ‚
1008 470 1097 508 aut
1144 457 1397 510 villarum
1443 459 1611 510 trabes
1637 498 1652 522 ‚
1684 460 1815 514 varie

395 526 610 597 lateque
646 527 927 583 fluitantia.
972 530 1051 582 Ac
1083 547 1150 582 ne
1176 530 1268 583 ina
1300 531 1515 600 quidem
1549 534 1667 583 loca
1694 537 1812 586 malo

398 617 727 655 vacaverunt
745 641 761 665 ,
798 604 862 654 ad
886 620 1003 671 quae
1034 621 1148 656 non
1177 604 1442 658 adscendit*
1473 605 1662 659 amnis.
1699 608 1816 658 Nam

399 691 502 742 pro
547 692 703 728 amne
762 676 930 728 imber
979 676 1200 730 affiduus
1221 718 1238 742 ,
1289 680 1342 730 &
1389 677 1578 743 dejecti
1621 679 1814 733 nubibus

399 748 639 801 turbines
666 768 683 808 ·‚
715 764 934 817 proruta
971 768 1135 819 opera
1166 791 1183 815 ‚
1223 753 1413 821 quibus
1452 752 1681 820 pretiosa
1716 770 1817 805 rura

402 821 723 892 cinguntur;
760 822 991 892 quassata
1025 840 1182 893 atque
1213 825 1375 878 etiam
1409 824 1616 878 decussa
1650 843 1816 878 monu-

402 910 600 949 menta.
628 897 793 948 Multi
812 897 1075 961 ejusmodi
1093 899 1298 951 casibus
1322 898 1614 963 debilitati,
1637 898 1816 964 obruti,

402 969 619 1022 obtriti·
611 1004 625 1028 ,
651 970 704 1022 δι
734 971 882 1023 aucta
911 971 1138 1025 luetibus
1173 974 1381 1026 damna.
1414 974 1498 1025 Ne
1523 938 1651 1042 quid
1672 971 1819 1025 simile

403 1042 554 1106 istic,
578 1060 678 1112 pro
698 1045 939 1097 mensura
959 1046 1213 1115 periculi,
1235 1063 1464 1106 vereor3
1496 1061 1656 1117 teque
1675 1062 1821 1117 roge,

406 1116 453 1168 si
478 1116 614 1169 nihil
634 1119 765 1181 tale,
785 1136 945 1203 quam
967 1118 1329 1173 maturissime
1348 1119 1696 1173 sollicitudini
1713 1137 1821 1172 meae

405 1191 677 1243 consulas:
700 1191 790 1244 sed
810 1194 862 1243 ὃ(
885 1192 933 1244 si
951 1196 1092 1258 tale,
1125 1193 1181 1247 id
1203 1210 1420 1263 quoque
1440 1193 1676 1247 nunties.
1708 1195 1821 1245 Nam

405 1267 689 1332 parvulum
712 1265 888 1319 differt
918 1266 1137 1334 patiaris
1160 1267 1408 1330 adversa,
1444 1285 1513 1321 an
1534 1285 1567 1320 e
1698 1265 1822 1329 aes,

406 1338 512 1390 nisi
527 1337 672 1407 quod
689 1353 868 1392 tamen
881 1338 954 1392 est
973 1342 1187 1393 dolendi
1206 1343 1426 1402 modus,
1442 1358 1561 1393 ιιοιι
1578 1359 1607 1393 e
1667 1340 1823 1392 timen-

406 1412 479 1465 di.
506 1413 708 1465 Doleas
731 1412 877 1465 enim
901 1430 1158 1482 quantum
1187 1415 1318 1468 scias
1347 1413 1632 1474 accidiffe3
1665 1413 1824 1468 timeas

409 1499 665 1556 quantum
698 1485 875 1553 possit
910 1488 1165 1543 accidere.
1201 1490 1364 1542 Vale.

495 1608 752 1664 xvlu.
788 1608 1121 1662 Pinnos
1160 1609 1474 1662 Rurnto
1516 1621 1667 1663 suo
1704 1607 1758 1662 S.

408 1731 496 1783 De
509 1725 724 1783 Domitii
735 1727 1829 1801 testamento,quodpietmfidesffludorscripsit.

411 1815 489 1909 F
508 1869 549 1906 A
566 1869 597 1906 ι.
615 1870 642 1908 s
660 1868 702 1907 u
719 1869 773 1907 Μ
804 1852 877 1907 est
909 1853 1163 1907 nimirum
1181 1894 1195 1918 ,
1216 1855 1361 1923 quod
1383 1853 1621 1908 creditur
1648 1851 1798 1925 vulgo
1815 1893 1829 1918 ,

337 1955 344 1960 -
409 1926 716 1981 testamenta
767 1928 1051 1992 hominum
1107 1929 1376 1997 speculum
1435 1928 1542 1981 effe
1593 1945 1788 1981 morum
1815 1945 1827 1986 3

410 2018 577 2070 quum
606 2002 886 2054 Domitius
915 2004 1104 2054 Tullus
1140 2002 1303 2072 longe
1336 2002 1532 2055 melior
1556 1999 1830 2071 apparuerit

411 2091 587 2128 morte
612 2116 629 2140 ,
661 2074 820 2144 quzim
866 2076 1004 2130 vita.
1063 2076 1202 2128 Nam
1244 2092 1406 2145 quum
1443 2076 1495 2128 se
1540 2078 1830 2145 captandum

410 2149 709 2217 praebuiss'et
738 2189 756 2214 ,
792 2148 1013 2217 reliquit
1055 2148 1223 2201 filiam
1268 2150 1516 2202 heredem
1554 2189 1570 2213 ,
1623 2167 1736 2218 quae
1767 2147 1831 2199 illi

411 2239 534 2275 eum
570 2224 727 2276 fratre
746 2222 1049 2275 communis
1073 2263 1086 2286 ,
1118 2223 1243 2293 quia
1266 2223 1498 2293 genitam
1519 2223 1686 2276 fratre
1704 2223 1836 2289 adop·

413 2310 636 2351 raverat.
669 2296 984 2349 Prosecutus
1018 2296 1093 2348 est
1128 2310 1354 2364 nepotes
1383 2295 1638 2364 plurimis
1671 2294 1834 2360 jucun-

413 2370 751 2440 dissimisque
786 2370 1011 2439 legatis3
1046 2370 1354 2437 prosecutus
1391 2369 1557 2422 etiam
1582 2383 1835 2438 pronepo-

412 2457 542 2498 tem.
598 2446 661 2496 In
695 2443 895 2497 summa
916 2484 932 2508 ,
964 2443 1148 2496 omnia
1187 2443 1384 2511 pietate
1413 2443 1761 2512 plenissima3
1792 2455 1838 2491 ac

411 2517 570 2572 tanto
601 2517 770 2588 magis
783 2557 807 2582 „
838 2517 1097 2587 quoniam
1129 2516 1485 2585 inexspectara
1521 2517 1667 2571 sunt.
1719 2516 1839 2582 Ergo

411 2592 552 2646 varii
579 2591 694 2645 tot&
719 2590 937 2644 civitate
962 2589 1232 2644 sermones
1257 2609 1271 2643 z
1303 2590 1395 2643 alii
1424 2589 1653 2655 (istum,
1682 2588 1838 2658 ingra-

411 2682 564 2730 tum,
596 2667 972 2718 immemorem
987 2667 1316 2751 loquuntur,
1336 2666 1494 2734 seque
1520 2664 1710 2732 ipsos,
1733 2662 1839 2713 dum

412 2740 743 2795 infestantur·
783 2739 990 2802 illum
1041 2738 1368 2807 turpissimis
1424 2734 1839 2791 confessionibus

413 2817 682 2884 produnt,
716 2826 776 2865 nt
808 2813 901 2883 qui
931 2815 996 2865 de
1032 2827 1219 2881 patre,
1253 2830 1390 2875 avo,
1413 2828 1630 2880 proavo
1652 2850 1668 2873 ,
1708 2805 1838 2878 quasi

412 2892 476 2943 de
501 2891 672 2953 orbo,
709 2900 1028 2959 querantur.
1061 2886 1152 2939 alii
1184 2901 1372 2940 contra
1391 2887 1496 2940 hoc
1531 2885 1712 2955 ipsum
1740 2883 1840 2934 lan-
