1951 3720
429 361 553 441 {N
603 345 1070 413 LIBRUM
1117 342 1321 413 VII.
1462 340 1603 441 485

228 458 552 576 Gallorumque
585 461 854 514 consilium.
887 459 957 513 Ex
994 461 1189 527 plurium
1226 459 1454 513 sententiis
1486 461 1618 513 velut

170 539 267 579 (οΠ
302 538 444 579 atum·

233 589 316 639 De
336 591 471 653 stilo.
515 589 636 642 Nam
673 605 733 643 ex
773 591 1011 643 Cicerone
1037 590 1177 653 stilus
1205 591 1267 652 est
1298 592 1528 639 maximus
1561 591 1616 639 δ’,

160 656 570 721 praestantissimus
600 659 783 705 dicendi
803 654 988 721 effiflo'r
1005 674 1061 705 ac
1081 656 1307 722 magister.
1345 654 1465 706 Infra
1486 655 1613 706 dedi-

166 734 273 770 mus
294 735 354 772 ex
376 720 469 772 mis.
500 725 639 770 timor
670 721 731 783 cst
751 723 1017 770 emendator
1052 720 1323 788 asperrimus
1349 755 1365 781 ,
1394 734 1482 786 pto
1509 720 1618 772 vul·

174 796 288 850 gato
312 790 581 838 acerrimus.

234 848 417 902 xvul.
440 849 818 930 Afforipublico.
860 848 912 900 Ei
945 848 1021 916 qui
1053 859 1272 915 procurat
1294 864 1368 900 res
1390 848 1618 915 publicas.

248 912 461 980 Vefflgul
490 915 624 990 logrge
649 914 951 981 supercurrit.
989 912 1180 966 Reditus
1219 930 1278 966 ex
1305 913 1387 965 illo
1408 928 1522 978 agro
1542 914 1621 966 seu

70 1011 87 1026 .
168 977 317 1029 fundo
369 991 579 1030 uotannis
613 981 859 1046 percipitur
897 978 1038 1045 longe
1061 978 1210 1042 major
1228 980 1409 1031 tricenis
1429 978 1621 1030 millibus

167 1043 363 1094 sestertii
380 1059 420 1094 m
444 1079 457 1097 ,
480 1044 558 1096 seu
573 1044 694 1109 libris
712 1045 985 1095 nostratibus
1011 1057 1188 1109 37500.
1211 1043 1338 1095 Dixit
1357 1044 1487 1110 supra
1510 1059 1625 1109 pra:-

170 1097 316 1159 dium’
336 1108 438 1161 illud
497 1111 592 1160 retii
627 1110 769 1160 multo
794 1109 980 1172 maioris
1012 1108 1171 1165 tuisse,
1205 1109 1341 1175 quam
1363 1110 1623 1176 quingentis

170 1172 373 1224 millibus
404 1173 467 1227 sei
491 1174 652 1224 ertissm
674 1212 688 1235 ‚
725 1190 828 1241 quae
855 1173 952 1225 sors
991 1175 1164 1226 tricena
1208 1174 1341 1225 millia
1381 1174 1620 1225 nummfim

170 1251 321 1288 annua
359 1239 402 1288 in
442 1238 626 1290 foenore
666 1250 883 1306 procreat
916 1273 932 1299 ,
988 1238 1066 1290 sex
1107 1253 1274 1305 nempe
1318 1254 1533 1291 nummos
1574 1241 1620 1291 in

174 1314 422 1354 centenos.
1580 1338 1583 1342 ι

239 1366 375 1418 XIX.
412 1366 561 1420 Jum'ae
592 1371 785 1434 virgini.
815 1367 1002 1435 Nempe
1039 1367 1233 1430 vestali,
1267 1381 1402 1434 quam
1441 1381 1616 1420 vocem

176 1430 305 1483 reae
332 1432 547 1483 omittunt
566 1433 777 1485 codices.

247 1495 313 1545 Ut
331 1497 444 1546 illas
499 1515 566 1547 11ae
594 1498 821 1564 leguntur.
850 1497 916 1550 Ut
935 1498 1149 1549 miramur
1167 1496 1354 1550 illustres
1377 1496 1569 1550 feminas
1592 1534 1611 1562 ,

177 1575 295 1626 quas
316 1562 467 1613 histori
520 1563 632 1615 teste
651 1564 823 1613 tantum
845 1564 1080 1613 novimus.
1607 1560 1614 1583 '·

240 1626 345 1691 Ego
368 1628 492 1676 ultor
513 1646 639 1677 rever
660 1645 805 1680 arum.
842 1626 965 1678 Vid'e
985 1641 1018 1692 9
1033 1667 1044 1687 ,
1075 1641 1153 1691 13.

239 1692 359 1744 XX.
380 1692 540 1758 Longo
559 1731 574 1754 ‚
623 1695 680 1741 ed
694 1697 936 1759 proximus
958 1690 1227 1742 intervallo.
1246 1693 1358 1745 AEn.
1382 1705 1405 1757 5
1427 1728 1443 1754 ‚
1464 1705 1581 1757 320.

246 1755 359 1805 Unci
383 1762 691 1808 nominamur.
718 1757 835 1809 Vide
856 1772 889 1820 9
907 1795 919 1815 .
945 1772 1028 1822 23.

243 1820 348 1871 Nec
387 1824 543 1887 definit
583 1827 661 1889 qui
698 1827 874 1890 utrique
910 1821 1107 1885 nostram
1135 1820 1462 1889 praeferantur.
1508 1820 1620 1872 Sunt

178 1886 251 1937 alii
275 1923 289 1946 ‚
329 1902 448 1954 quos
488 1888 687 1939 nonnuili
717 1890 894 1952 utrique
913 1887 1115 1938 nostrum
1147 1898 1375 1952 tamquam
1400 1886 1441 1935 in
1466 1885 1619 1936 litteris

177 1953 354 2017 peritos
388 1955 529 2018 magis
564 1965 878 2020 anteponant:
914 1952 989 2002 sed
1033 1950 1139 2002 nihil
1171 1951 1350 2003 interest
1381 1950 1484 2002 mea
1519 1965 1617 2016 quo
1688 1991 1692 1996 .

180 2017 288 2081 quis
311 2017 421 2068 loco
453 2032 540 2068 nos
562 2055 577 2079 ‚
607 2017 752 2074 morib
783 2016 911 2068 simul
934 2016 1112 2078 iuntios
1131 2055 1143 2068 .
1176 2027 1367 2080 reponat
1401 2032 1414 2064 ε
1452 2028 1555 2064 nam
1582 2014 1620 2065 is

180 2080 289 2131 mea
321 2081 534 2133 sententia
564 2083 732 2146 primns
764 2080 829 2131 est
854 2118 867 2139 ,
907 2082 985 2146 qui
1023 2080 1100 2130 tibi
1133 2082 1373 2156 proximus
1407 2079 1625 2130 accense·

179 2155 269 2197 tur.
291 2144 426 2197 Hunc
442 2146 597 2200 locum
617 2147 774 2197 misere
795 2145 1115 2211 interpolatum
1132 2160 1177 2196 m
1198 2143 1396 2210 vulgatis
1412 2143 1622 2196 dedimus

181 2223 248 2261 ex
277 2211 428 2262 Cortii
450 2210 693 2263 codicibus
718 2212 764 2260 δι
788 2211 941 2277 regiis.

214 2282 218 2285 ’
248 2274 384 2326 XXI.
417 2275 478 2324 Et
498 2294 617 2325 nunc
636 2276 781 2338 custos
801 2276 940 2337 adest.
975 2272 1070 2324 Vel
1099 2287 1218 2325 uxor
1238 2306 1254 2329 ‚
1282 2273 1358 2325 vel
1380 2273 1584 2324 medicus
1604 2308 1620 2332 ‚

184 2340 263 2405 qui
291 2353 459 2393 cavent
476 2373 492 2395 ‚
536 2341 611 2408 qui
639 2339 918 2406 prohibent,
954 2354 1013 2390 ne
1034 2339 1146 2390 vino
1171 2339 1474 2389 immoderate
1504 2350 1621 2391 utar.

243 2405 425 2457 XXIV.
471 2404 549 2454 Ex
586 2405 714 2471 beffa.
755 2405 882 2456 Duas
927 2416 1079 2470 partes
1118 2405 1274 2454 tertias
1298 2438 1314 2462 ‚
1356 2402 1432 2454 seu
1469 2414 1622 2467 partes

183 2471 297 2523 οξὶο
337 2470 639 2522 duodecimas
680 2470 878 2535 nepoti,
930 2469 1107 2520 tertiam
1148 2481 1321 2533 partem
1357 2467 1625 2527 residuam,

182 2537 263 2652 {eu
296 2547 504 2651 ⁸quiritussr
553 2547 707 2601 partes
741 2533 1043 2586 duodecimas
1085 2533 1207 2599 nepti
1258 2531 1458 2598 reliquit.
1505 2531 1626 2584 Vide

206 2617 232 2652 u
268 2614 317 2650 ra
346 2614 371 2650 a
513 2637 526 2651 .
568 2615 643 2653 11.
1321 2627 1322 2630 ¹

235 2617 353 2713 pNee:
373 2668 439 2713 iis
465 2615 643 2712 igneam
661 2702 676 2726 ,
710 2682 842 2739 quos.
879 2662 936 2714 Et
966 2663 1041 2729 qui
1070 2660 1356 2712 alienissimis
1375 2653 1513 2713 e'tiam
1533 2662 1626 2712 ho·
1725 2691 1740 2706 ·

182 2728 383 2780 minibus
403 2768 417 2788 ‚
452 2729 577 2780 velut
601 2743 881 2795 propinquus
899 2727 1118 2778 amandus
1142 2728 1216 2778 sit.
1615 2749 1622 2762 2

248 2793 627 2843 sacerdotatibus
651 2794 791 2844 ludis.
826 2792 1033 2858 Intellige
1059 2791 1196 2844 ludos
1218 2790 1406 2851 sacros,
1442 2789 1500 2841 ab
1524 2789 1624 2841 Au·

183 2858 317 2927 gusto
338 2857 560 2910 institutos
576 2896 590 2919 ‚
612 2859 687 2925 qui
710 2873 737 2909 a
756 2856 1055 2909 Pontificibus
1077 2857 1347 2908 edebantur.

222 2923 308 2978 ·la
344 2927 686 2979 commissione.
735 2922 789 2975 ln
812 2921 921 2989 ⁸ipso
962 2921 1177 2974 ludorum
1207 2919 1401 3037 εκξίτᾲἰᾳ
1420 2954 1436 2976 .
1482 2934 1627 2986 quum

1346 3000 1392 3050 ιη
