1951 3720
338 233 481 328 3¹96
634 232 1499 305 ΡΑΝεσΥιιιευς·

337 352 602 424 Principis
645 354 817 423 ipsius
866 353 1250 409 innocentiam.
1302 355 1430 409 Haec
1485 369 1586 408 arx
1637 350 1781 408 inae:

325 428 517 493 cessa,
553 431 659 481 hoc
696 428 1108 499 inexpugnabile
1142 427 1536 489 munimentum
1554 464 1571 491 ,
1607 429 1785 481 muni·-

336 517 525 555 mento
566 519 680 555 non
716 519 890 572 egere.
928 501 1130 555 Frustra
1170 502 1223 554 se
1263 516 1467 557 terrore
1502 502 1787 554 succinxe-

335 575 451 639 rit,
494 575 602 660 qui
619 576 798 645 septus
835 574 1052 628 caritate
1082 592 1197 626 non
1228 573 1423 628 fuerit.
1450 574 1618 628 armis
1643 576 1784 629 enim

336 664 485 700 arma
514 649 803 701 irritantur.
842 649 987 701 Num
1016 664 1194 701 autem
1225 647 1382 700 serias
1417 646 1634 705 tantum
1658 666 1787 718 pan·

338 735 423 775 tes
455 721 694 787 dierum'
682 739 740 774 ιιι
769 722 941 775 oculis
966 721 1159 774 nostris
1191 735 1441 790 coetuque
1471 722 1787 776 consumis?

333 810 459 865 Ιιιοιι
476 796 878 848 remissionibus
901 795 1010 848 tuis
1031 798 1213 847 eadem
1234 795 1536 863 frequentia
1549 834 1566 858 ,
1588 797 1791 851 adem·

342 884 451 938 que
485 869 575 921 illa
611 868 873 922 socialitas
907 868 1168 922 interest?
1205 883 1319 921 non
1352 866 1454 920 tibi
1488 869 1708 937 semper
1735 869 1791 921 in

340 943 525 995 medio
556 941 702 996 cibus
724 981 739 1012 ,
760 942 1071 1011 semperque
1101 942 1282 994 mensa
1309 941 1659 996 communis?
1684 959 1792 995 non

340 1031 420 1066 ex
446 1015 700 1068 conviCtu
736 1014 917 1068 nostro
956 1022 1140 1068 mutua
1173 1017 1467 1082 voluptas?
1506 1032 1627 1068 non
1666 1032 1796 1084 pro·

341 1104 509 1141 vocas
546 1089 820 1158 reddisque
860 1089 1132 1145 ser-mones
1158 1090 1180 1140 ἓ
1214 1105 1328 1148 non
1360 1087 1539 1156 ipsum
1581 1105 1794 1158 ternpus

340 1164 621 1229 epularum
671 1177 882 1215 tuarum
930 1179 1098 1231 quum
1145 1161 1415 1231 frugalitas
1469 1164 1756 1217 contrahat
1774 1202 1791 1229 ,

341 1234 587 1288 extendit
631 1235 930 1289 humanitas
967 1239 989 1289 ἓ
1033 1237 1161 1288 N-on
1201 1235 1346 1288 enim
1390 1249 1516 1288 ante
1555 1237 1794 1289 medium

344 1306 491 1361 diem
529 1308 779 1361 distentus
820 1308 1056 1362 solitaria
1087 1309 1241 1362 coena
1267 1347 1283 1372 ,
1319 1308 1794 1376 speaatorssadno-

343 1394 592 1451 tatorque
629 1382 880 1436 convivis
916 1383 1029 1435 tuis
1055 1382 1346 1441 immines3
1373 1398 1471 1437 nec
1511 1380 1727 1448 jejunis·
1747 1385 1819 1437 &‘

329 1453 592 1511 ,inanibus
625 1457 814 1525 plenus
851 1456 962 1524 ipse
998 1456 1051 1508 Sc
1084 1455 1302 1508 ructans,
1327 1472 1440 1508 non
1473 1471 1601 1508 tam
1626 1475 1661 1509 a

331 1527 433 1587 ,nis
474 1527 632 1598 quam
670 1528 858 1594 objicis
894 1529 1044 1582 cibos
1072 1569 1088 1593 ‚
1123 1546 1259 1598 quos
1299 1529 1603 1599 dedigneris
1636 1531 1797 1584 attin-

346 1618 476 1671 gere
509 1621 526 1662 ;
564 1601 806 1672 aegreque
845 1603 1115 1671 perpefl'us
1157 1603 1430 1670 superbam
1472 1603 1629 1656 illam
1669 1621 1799 1657 con-

346 1674 524 1749 vifflis
556 1676 994 1739 simulationem,
1027 1676 1201 1728 rursus
1240 1690 1293 1728 te
1328 1677 1394 1728 ad
1421 1677 1798 1732 clandestinam

346 1744 573 1819 ganeam
622 1753 995 1818 occultumque
1043 1752 1231 1802 luxum
1279 1750 1459 1803 refers.
1500 1751 1686 1820 Ergo
1695 1768 1798 1804 non

345 1838 587 1889 aurum,
626 1840 724 1878 nec
759 1839 1036 1895 argentum
1076 1864 1093 1890 ,
1135 1839 1230 1877 nec
1268 1822 1538 1892 exquisita
1582 1824 1799 1896 ingenia

343 1912 672 1963 coenarum,
717 1899 805 1950 sed
840 1898 1156 1950 suavitatem
1195 1912 1340 1949 tuam
1378 1896 1801 1962 jucunditatem·

348 1987 459 2040 que
482 1973 762 2035 miramur,
784 1972 974 2041 quibus
1013 1973 1157 2024 nulla
1189 1971 1398 2023 satietas
1429 1972 1571 2023 adest
1591 1990 1802 2057 ‚quan-

296 2103 300 2107 ,
347 2045 433 2096 do.
457 2045 661 2099 sincera
694 2046 876 2103 omnia
900 2084 923 2110 ,
941 2046 994 2097 δι
1022 2060 1186 2108 vera,
1212 2044 1264 2095 δε
1300 2060 1485 2097 ornata
1513 2048 1798 2115 gravitate.

348 2117 540 2185 Neque
584 2120 728 2171 enim
767 2134 857 2171 aut
892 2118 1185 2187 peregrinae
1224 2117 1619 2185 superstitionis
1656 2121 1798 2190 mys·

347 2190 484 2244 teria
509 2231 526 2257 ,
562 2207 650 2244 aut
686 2192 935 2244 obscoena
971 2190 1264 2259 petulantia
1293 2190 1492 2244 mensis
1531 2192 1796 2263 Principis

348 2264 596 2324 oberrat·,
636 2266 723 2317 sed
751 2265 980 2334 benigna
1019 2264 1313 2328 invitatio,
1347 2266 1400 2317 &
1437 2266 1691 2320 liberales
1726 2267 1796 2332 io·

350 2336 405 2389 ci
444 2376 461 2401 ,
495 2339 558 2390 &
604 2337 894 2398 studiorum
943 2339 1139 2391 honor.
1190 2339 1316 2389 Inde
1362 2337 1459 2390 tibi
1507 2356 1703 2407 parcus
1749 2342 1796 2394 δι

347 2410 533 2463 brevis
568 2410 824 2476 somnus,
858 2413 1170 2481 nullumque
1196 2428 1378 2464 amore
1410 2411 1578 2465 nostri
1619 2413 1796 2484 angus·

347 2482 457 2536 tius
494 2500 740 2551 tempus,
747 2502 924 2555 quam
954 2487 1100 2554 quod
1139 2484 1256 2537 sine
1283 2484 1439 2538 nobis
1473 2487 1613 2555 agis.

423 2558 486 2612 L.
528 2560 630 2610 Sed
673 2576 855 2628 quum
882 2559 1041 2613 rebus
1077 2558 1183 2612 tuis
1221 2574 1284 2610 ut
1336 2558 1632 2646 participes
1674 2578 1796 2630 pen-

335 2631 582 2685 ‘fruamur
624 2670 638 2695 ,
686 2649 801 2703 quae
853 2633 1107 2688 habemus
1159 2630 1265 2717 ipsi
1312 2649 1471 2701 quam
1524 2635 1747 2702 propria
1774 2673 1792 2698 ,

349 2722 511 2788 quam
547 2704 719 2757 nostra
756 2708 909 2759 sunt!
950 2708 1078 2759 Non
1112 2705 1257 2762 enim
1301 2706 1597 2759 exturbatis
1644 2706 1793 2776 prio·-

335 2777 495 2844 ,tibus
527 2778 760 2833 dominis
786 2819 801 2844 ‚
827 2796 990 2831 omne
1020 2779 1256 2849 stagnum
1282 2819 1296 2843 ‚
1328 2796 1548 2832 omnem
1577 2768 1797 2843 lacum,

348 2868 575 2924 omnem
607 2853 769 2907 etiam
802 2854 1000 2908 saltum
1023 2854 1286 2908 immensa
1324 2851 1665 2924 pofl'essione.
1695 2852 1801 2907 cis*
