1951 3720
430 363 997 432 EPISTOLAE.
1047 362 1193 432 Lib.
1235 363 1318 432 11.
1483 378 1577 453 49

123 480 278 551 ginta
296 479 471 534 millia
489 482 763 534 denarium
795 482 1117 550 probabatur
1141 497 1153 530 :
1198 476 1309 545 ipse
1330 491 1583 544 praeterea

128 553 392 624 accepifl'e
413 553 704 607 sestertium
726 558 905 608 decem
928 554 1126 615 millia,
1149 551 1450 604 foedissimo
1472 552 1583 635 qui-

133 630 252 680 dem
273 627 473 690 titulo,
495 627 717 680 nomine
730 627 1098 698 unguentarii,
1120 624 1212 694 qui
1227 625 1411 676 titulus
1427 641 1455 676 a
1472 625 1590 676 vita

133 700 373 753 hominis
388 702 595 767 compti
619 701 826 769 semper
847 702 901 752 ὃ(
920 698 1174 768 pumicati
1200 715 1311 749 non
1337 697 1588 750 abhorre-

135 775 240 826 bat.
267 774 508 836 Placuit,
523 774 770 826 censente
793 777 1067 835 Cornuto,
1096 771 1277 824 referri
1291 774 1353 823 de
1374 788 1442 823 eo
1461 787 1590 839 pro-

136 847 291 899 ximo
311 847 528 899 senatu:
545 861 671 899 tunc
702 847 849 899 enim
867 886 878 905 .
899 847 1019 899 casu
1048 846 1308 898 incertum
1331 885 1344 908 ,
1369 862 1440 898 an
1458 860 1592 897 con-

138 919 380 982 scientia,
395 919 648 973 abfuerat.
670 921 846 972 Habes
866 936 948 971 res
965 920 1187 971 urbanas
1206 937 1218 970 z
1239 919 1474 971 invicem
1488 919 1596 970 rus-

140 993 269 1045 ticas
289 992 490 1045 scribe.
506 995 632 1061 quid
644 993 924 1045 arbusculae
945 1008 1049 1044 tuae
1067 1031 1081 1055 ,
1098 992 1224 1061 quid
1240 991 1447 1055 vineae,
1467 991 1596 1061 quid

143 1066 347 1135 segetes
368 1081 552 1135 agunt,
566 1065 696 1135 quid
712 1083 846 1118 oves
859 1065 1245 1117 delicatissimae
1260 1067 1282 1118 ἓ
1299 1067 1359 1117 In
1373 1066 1592 1128 summa,

143 1138 249 1192 nisi
275 1137 431 1208 aeque
449 1141 670 1222 longam
693 1138 970 1207 epistolam
990 1140 1203 1200 reddes,
1229 1155 1343 1189 non
1361 1138 1433 1190 est
1452 1136 1598 1207 quod

146 1211 366 1279 postea,
405 1211 517 1264 nisi
551 1211 960 1275 brevissimam,
995 1210 1288 1278 exspectes.
1327 1213 1486 1267 Vale.

253 1323 786 1379 xl1.Prm1us
826 1328 1202 1376 Anniano
1246 1296 1394 1376 suo
1433 1326 1491 1379 S.

199 1439 328 1513 Quis
352 1437 510 1505 fuerit
541 1453 729 1488 eventus
752 1435 898 1504 causa
930 1436 1131 1486 Firmini
1139 1436 1333 1506 legati,
1366 1439 1422 1488 de
1459 1455 1550 1505 qno

632 1511 832 1579 epistolii
868 1507 1126 1579 superiori.

157 1618 535 1727 ΛΕιτιζργιὸν
574 1655 739 1720 illud,
780 1658 924 1725 quod
960 1650 1221 1723 supereffe
1260 1651 1421 1703 Marii
1444 1653 1609 1707 Prisci

150 1735 321 1786 causae
361 1733 618 1803 proxim'e
653 1734 957 1801 scripseram
981 1771 995 1795 ‚
1033 1731 1212 1783 nescio
1251 1747 1318 1781 an
1350 1731 1471 1783 satis
1515 1735 1610 1784 cir-

154 1808 453 1860 cumcisum
469 1847 483 1872 ,
505 1823 686 1859 tamen
707 1808 759 1859 &
777 1806 1015 1858 abrasum
1034 1804 1125 1856 est.
1148 1803 1411 1855 Firminus
1434 1804 1611 1859 induc-

161 1893 240 1932 tus
279 1881 341 1933 in
371 1882 616 1934 senatum
656 1881 929 1948 respondit
969 1878 1184 1931 crimini
1223 1892 1392 1944 noto:
1420 1880 1610 1933 secutae

162 1954 278 2004 sunt
307 1954 537 2007 diversae
572 1953 845 2006 sententiae
876 1951 1155 2005 consulum
1192 1951 1610 2021 designatorum„

161 2029 438 2079 Cornutus
474 2028 744 2079 Tertullus
780 2025 985 2078 censuit
1017 2024 1204 2078 ordine
1244 2029 1610 2082 movendum:

163 2100 382 2153 Acutius
422 2102 605 2152 Nerva
628 2140 642 2163 ,
686 2100 743 2151 in
788 2099 1073 2152 sortitione
1120 2098 1414 2168 provinciae
1455 2102 1616 2154 ratio·

167 2188 287 2224 nem
326 2172 448 2232 ejus
491 2190 605 2225 non
632 2174 922 2225 habendam
943 2211 958 2236 ,
993 2189 1110 2240 quae
1146 2173 1405 2224 sententia
1432 2213 1446 2237 ‚
1484 2188 1616 2226 tam-

169 2262 325 2313 quam
355 2246 549 2299 mitior
571 2285 586 2309 ,
627 2245 763 2298 vicit
784 2285 799 2308 ,
842 2261 1008 2314 quum
1048 2245 1119 2297 sit
1160 2244 1401 2313 alioquin
1431 2247 1616 2300 durior

164 2318 491 2389 tristiorque.
528 2319 675 2385 Quid
703 2319 847 2371 enim
862 2318 1134 2381 miserius,
1161 2317 1319 2387 quam
1342 2320 1611 2373 exsectum

172 2391 226 2442 &
270 2406 587 2461 exemptum
632 2390 925 2444 honoribus
975 2392 1256 2444 senatoriis
1279 2431 1293 2456 ‚
1334 2395 1514 2446 labore
1558 2396 1610 2447 &

172 2465 410 2517 molestia
437 2482 553 2517 non
587 2481 762 2516 carere
796 2464 965 2533 ?quid
1003 2464 1215 2534 gravius
1239 2505 1252 2528 ,
1275 2467 1431 2534 quam
1468 2468 1614 2520 tanta

175 2537 473 2606 ignominia
504 2536 750 2590 affeEkum
787 2576 802 2599 ,
857 2554 967 2590 non
1000 2539 1058 2589 in
1091 2538 1375 2591 solitudine
1409 2543 1571 2594 latere
1598 2581 1614 2606 ,

179 2611 265 2662 sed
310 2612 367 2662 in
410 2612 511 2663 hac
554 2611 811 2663 altissima
846 2611 1056 2677 specula
1092 2611 1523 2679 conspiciendum
1561 2616 1616 2668 se

179 2684 677 2752 monstrandumque
695 2685 960 2752 praebere?
982 2684 1236 2737 Praeterea
1258 2686 1384 2753 quid
1404 2687 1616 2755 publice

181 2756 352 2809 minus
389 2773 480 2809 aut
516 2772 813 2826 congruens
850 2771 940 2809 aut
980 2758 1231 2810 decorum
1251 2796 1267 2822 ,
1306 2774 1547 2812 notatum
1585 2778 1615 2812 a

184 2830 386 2895 senatu,
416 2832 474 2881 in
495 2831 678 2882 senatu
702 2830 876 2882 sedere
896 2832 918 2883 ἓ
942 2829 1175 2899 ipsisque
1199 2831 1305 2883 illis
1327 2871 1341 2895 ,
1375 2849 1403 2883 a
1423 2834 1614 2900 quibus

184 2903 252 2952 sit
281 2918 525 2966 notatuS,
562 2902 798 2970 aequari?
842 2902 895 2954 δί
927 2902 1253 2956 summotum
1275 2921 1305 2955 a
1327 2907 1615 2972 proconsu-

186 2976 326 3040 latu,
362 2976 487 3047 quia
529 2976 581 3030 se
623 2977 680 3028 in
701 2975 968 3047 legatione
1006 2977 1231 3047 turpiter
1267 2977 1482 3046 gess‘erat
1504 3018 1516 3040 ,
1551 2982 1615 3032 de
