1951 3720
368 304 643 372 Ep'ts
679 315 997 371 ToLAE.
1022 303 1170 372 Lib.
1200 306 1379 375 VII.
1490 324 1627 400 199

162 425 347 482 Saluta
376 426 645 495 paulisper
665 466 680 490 ,
713 423 823 495 quo
847 425 919 478 sit
939 425 1038 478 tibi
1060 424 1340 490 jucundius
1372 426 1582 480 salutari
1605 448 1622 483 t

161 517 336 555 terere
378 503 437 552 in
473 502 571 552 hac
605 502 756 553 turba
776 539 790 563 ‚
816 516 874 553 ut
896 517 951 554 te
977 501 1213 554 solitudo
1238 501 1479 554 delestet.
1519 499 1625 555 Sed

163 577 292 645 quid
310 576 627 644 imprudens
644 614 659 638 ,
685 591 845 644 quem
876 591 1106 628 evocare
1124 591 1297 628 conor
1317 616 1333 639 ,
1367 577 1577 627 retardo
1602 578 1626 630 ἓ

161 649 398 702 Fortafl'e
420 651 568 701 enim
591 651 675 701 his
697 649 828 717 ipsis
851 650 1156 702 admoneris
1177 690 1193 711 ‚
1213 667 1275 702 ut
1293 666 1347 701 te
1370 650 1540 720 magis
1561 665 1626 706 ac

163 725 333 793 magis
383 724 507 775 otio
546 724 836 782 involvas3
872 726 1019 793 quod
1048 741 1152 794 ego
1194 741 1309 776 non
1343 723 1631 792 abrumpi,

164 797 247 849 sed
266 796 563 849 intermitti
585 799 740 850 volo.
781 799 859 850 Ut
888 799 1034 850 enim
1055 800 1103 850 si
1121 815 1333 850 coenam
1356 797 1454 850 tibi
1478 798 1630 850 face·

165 887 272 922 rem
298 911 315 934 ,
357 871 603 923 dulcibus
642 871 773 924 cibis
809 888 953 924 acres
984 873 1271 941 acutosque
1303 871 1582 924 miscerem
1608 910 1627 936 ,

167 959 221 997 ut
247 946 479 997 obtusus
503 945 613 997 illis
647 946 701 997 δι
742 945 938 998 oblitus
960 944 1257 999 stomachus
1295 945 1380 999 his
1410 945 1626 998 excita-

165 1034 306 1070 retur
326 1059 343 1082 ,
376 1019 456 1069 ita
490 1036 630 1071 nunc
649 1019 840 1072 hortor
861 1059 875 1081 ,
903 1035 963 1070 ut
986 1018 1427 1082 jucundissimum
1450 1036 1626 1090 genus

164 1092 289 1143 vitae
327 1093 609 1145 nonnullis
639 1092 905 1146 interdum
929 1093 1082 1163 quasi
1111 1093 1356 1146 acoribus
1380 1093 1626 1148 condias.

165 1166 320 1219 Vale.

323 1264 443 1318 IV.
484 1264 819 1317 Ptnuus
859 1265 1176 1318 Pour1o
1221 1278 1369 1318 suo
1410 1265 1468 1319 S.

168 1388 436 1455 Numquam
469 1383 526 1454 se
577 1404 609 1434 a
651 1386 843 1454 poetice
888 1386 1095 1436 alienum
1129 1380 1272 1452 fiuffe
1314 1385 1518 1449 ostendit
1569 1404 1629 1437 ex

241 1460 452 1511 versibus
492 1460 618 1510 varii
654 1460 840 1531 generis
874 1492 890 1520 ,
943 1478 1060 1529 quos
1099 1461 1295 1512 diversis
1343 1460 1629 1529 temporibus

235 1532 457 1605 scripsit.

171 1643 261 1739 A
283 1697 306 1733 1
324 1698 352 1734 s
387 1679 574 1752 legisse
599 1695 652 1732 te
687 1680 1155 1749 hendecasyllabos
1180 1697 1333 1733 meos
1356 1700 1369 1733 ε
1396 1681 1627 1750 requiris

171 1756 328 1808 etiam
360 1757 812 1825 quemadmodum
843 1753 1102 1822 coeperim
1128 1754 1354 1806 scribere
1378 1793 1392 1817 ‚
1416 1756 1588 1807 homo
1609 1796 1625 1819 ‚

169 1845 227 1883 ut
272 1830 374 1882 tibi
419 1829 612 1883 videor
644 1869 659 1895 ,
697 1829 953 1893 severu8‚
993 1843 1052 1880 ut
1104 1827 1215 1897 ipse
1258 1827 1430 1881 fateor
1457 1869 1471 1893 ‚
1512 1846 1629 1884 non

171 1904 409 1973 ineptus.
452 1906 759 1971 Numquam
783 1920 812 1954 a
836 1902 1090 1971 poetice(
1113 1902 1270 1956 altius
1303 1902 1449 1955 enim
1481 1920 1633 1973 repe·

172 1992 274 2030 tam
301 1978 324 2044 )
357 1977 565 2030 alienus
597 1977 674 2029 fui
700 1997 714 2029 :
750 1977 880 2046 quin
907 1977 1071 2028 etiam
1097 1978 1501 2046 quatuordecim
1541 1995 1631 2029 na·

168 2065 252 2104 tus
292 2069 469 2104 annos
505 2050 746 2103 Graecam
772 2052 1075 2119 tragoediam
1108 2050 1312 2121 scripsi.
1351 2052 1628 2118 Qualem?

170 2124 372 2195 inquis.
411 2125 609 2178 Nescio
633 2125 924 2195 :tragoedia
945 2127 1256 2180 vocabatur.
1298 2126 1441 2177 Mox
1462 2140 1627 2194 quum

172 2217 201 2251 e
241 2199 444 2252 militia
494 2201 702 2251 rediens
725 2238 740 2262 ,
774 2199 831 2250 in
874 2199 1041 2251 Icaria
1079 2198 1246 2252 insula
1278 2198 1462 2252 ventis
1498 2198 1630 2251 deti·

173 2289 326 2326 nerer
348 2313 364 2338 ,
393 2274 614 2325 Latinos
635 2275 816 2343 elegos
839 2272 894 2323 in
923 2272 1056 2325 illud
1078 2273 1251 2341 ipsum
1271 2290 1414 2325 mare
1437 2273 1628 2342 ipsam-

175 2365 274 2416 que
313 2348 544 2400 insulam
585 2347 704 2400 feci.
758 2348 1022 2415 Expertus
1061 2347 1175 2399 sum
1211 2364 1296 2398 me
1339 2347 1625 2416 aliquando

175 2422 226 2473 &
253 2423 477 2482 heroo·,
514 2421 962 2491 hendecasyllabis
1007 2437 1149 2473 nunc
1187 2419 1418 2490 primum
1441 2462 1455 2485 ‚
1495 2426 1633 2491 quo'-

174 2512 290 2547 rum
326 2496 418 2548 hic
459 2495 647 2547 natalis
670 2535 684 2558 ‚
728 2496 842 2547 haec
873 2495 1024 2547 causa
1060 2494 1149 2547 est.
1200 2494 1532 2565 Legebantur
1570 2494 1629 2546 in

174 2568 506 2622 Laurentino
548 2569 683 2621 mihi
723 2569 846 2622 libri
888 2568 1066 2621 Asinii
1105 2567 1250 2621 Galli
1291 2571 1355 2621 de
1404 2585 1626 2638 compa-

176 2643 385 2696 ratione
411 2643 578 2711 patris
619 2644 673 2695 δι
707 2644 986 2696 Ciceronis
1020 2662 1034 2695 ε
1073 2642 1260 2694 incidit
1300 2643 1630 2713 epigramma

175 2718 457 2770 Ciceronis
494 2717 550 2768 in
580 2718 838 2770 Tironem
860 2718 1010 2769 suum
1033 2735 1047 2768 t
1075 2716 1196 2768 dein
1217 2734 1379 2785 quum
1405 2714 1629 2768 meridie

176 2794 334 2859 (erat
375 2790 524 2843 enim
566 2791 755 2858 aestas)
789 2791 1112 2844 dormiturus
1149 2808 1234 2843 me
1278 2786 1584 2857 recepissem
1606 2829 1627 2857 t,

175 2880 272 2917 nec
296 2866 582 2934 obreperet
615 2867 832 2918 somnus
855 2906 869 2929 ‚
903 2864 1048 2934 coepi
1080 2880 1320 2934 reputare
1358 2861 1625 2915 maximos

177 2955 421 2993 oratores
450 2941 558 2994 hoc
594 2938 750 2993 studii
778 2955 946 3010 genus
963 2979 979 3005 ‚
1016 2940 1069 2992 &
1095 2939 1154 2991 in
1183 2936 1627 2992 oblectationibus

1270 3011 1298 3063 1
1325 3010 1385 3063 iv
