1951 3720
331 327 1264 405 EPISToLAE.Lib.X.·
1372 347 1515 423 307

128 479 272 513 manum
302 457 610 527 impetraveris
630 491 646 514 ,
689 456 796 506 huic
832 472 1012 524 quoque
1040 453 1270 523 petitioni
1304 468 1394 502 mae
1431 468 1520 501 ne-

126 554 211 603 gare
234 553 319 584 non
344 531 561 599 sustineo.
609 530 681 580 Tu
716 548 777 579 ex
805 548 896 597 qua
922 547 1062 579 nomo
1093 528 1156 577 sit
1177 561 1192 587 ,
1228 542 1388 577 notum
1409 522 1525 574 mibi

121 607 247 674 facere
269 606 441 657 debebis
459 640 474 666 ,
502 621 555 656 ut
582 604 827 673 epistolam
856 603 945 653 eibi
980 605 1044 651 ad
1066 602 1337 669 Pompeium
1364 599 1525 649 Platt-

128 697 226 741 tam,
256 678 504 749 praefeflum
546 677 756 748 AEgypti
779 715 796 741 ,
828 677 1026 727 amicum
1062 693 1207 725 meum
1228 708 1244 733 ,
1277 673 1484 724 mittam.

127 798 322 854 XXIV.
372 796 690 851 Ptnttus
730 796 1111 850 TnAsAuo
1150 794 1419 847 IMPER.
1458 791 1522 846 S·-

336 922 643 970 Commeatum
675 915 874 985 triginta
909 914 1085 965 dierum
1116 914 1261 983 petit.

132 991 201 1114 Q
221 1055 377 1094 uun
413 1041 569 1113 divus
607 1055 756 1108 pater
784 1053 906 1090 tuus
932 1077 947 1097 ,
979 1037 1222 1089 Domine
1247 1076 1263 1099 ‚
1305 1036 1358 1088 &
1398 1051 1525 1088 ora-

128 1113 241 1166 tione
261 1113 603 1183 pulcherrima
636 1114 689 1165 &
709 1111 1088 1164 honestissimo
1122 1112 1375 1177 exemplo
1399 1125 1526 1161 om-

129 1204 197 1238 nes
230 1190 361 1241 cives
413 1191 476 1241 ad
521 1185 944 1239 munificentiam
993 1183 1119 1236 effet
1153 1184 1463 1235 cohortatus
1503 1220 1528 1246 ,

127 1261 229 1327 petii
258 1265 313 1314 ab
347 1280 413 1315 eo
435 1302 449 1325 ,
472 1276 533 1314 ut
569 1261 758 1312 statuas
782 1258 1089 1325 Principum
1110 1295 1125 1319 ‚
1155 1272 1284 1324 quas
1308 1255 1365 1307 in
1397 1259 1530 1306 lon-

128 1333 297 1403 ginquis
340 1336 476 1405 agris
512 1352 611 1403 per
659 1336 837 1402 plures
892 1328 1254 1383 successiones
1307 1328 1524 1381 traditas

127 1407 229 1458 mihi
249 1448 262 1471 ‚
297 1413 469 1478 quales
520 1423 825 1474 acceperam
859 1403 1215 1456 custodiebam
1242 1443 1253 1462 ‚
1295 1400 1528 1470 permit-

128 1494 231 1532 teret
254 1482 304 1534 in
335 1481 685 1549 municipium
723 1478 1002 1549 transferre
1024 1516 1041 1539 ,
1076 1475 1275 1541 adjesta
1300 1476 1391 1528 sua
1422 1475 1524 1527 sta·

128 1554 211 1606 tua.
252 1556 506 1625 Quodque
539 1556 629 1607 ille
672 1553 806 1604 mihi
847 1569 968 1604 cum
1010 1549 1330 1617 plenissimo
1376 1548 1524 1601 testi·

128 1628 279 1680 monio
308 1629 589 1681 indulserat
608 1667 623 1690 ,
659 1643 762 1695 ego
792 1623 966 1676 statim
997 1622 1369 1674 decurionibus
1393 1621 1526 1672 scri-

126 1701 289 1767 pseram
310 1743 323 1766 ‚
355 1719 416 1755 ut
443 1704 780 1770 adsignarent
810 1699 985 1750 solum
1009 1734 1024 1757 ,
1046 1695 1102 1745 in
1122 1711 1231 1762 quo
1261 1696 1525 1761 templum

127 1776 307 1839 pecunia
329 1776 442 1828 mea
467 1775 791 1829 exstruerem
812 1791 824 1823 :
850 1770 933 1822 illi
971 1769 1030 1819 in
1052 1768 1317 1819 honorem
1342 1767 1526 1834 operis

128 1847 260 1915 ipsius
287 1850 601 1904 electionem
625 1845 737 1901 loci
759 1843 892 1898 mihi
929 1844 1249 1895 obtulerant.
1295 1842 1396 1892 Sed
1420 1838 1531 1908 pri-

128 1922 239 1975 mt'un
271 1924 410 1987 mea,
442 1924 634 1977 deinde
667 1920 830 1989 patris
866 1918 945 1969 tui
966 1914 1275 1968 valetudine
1297 1953 1312 1977 ‚
1348 1913 1533 1983 postea·

129 1997 238 2048 curis
283 1999 501 2067 delegati
555 2013 585 2047 a
636 1993 796 2048 vobis
842 1990 1007 2043 officii
1051 2003 1286 2042 retentus
1318 2027 1334 2050 ‚
1390 2003 1539 2039 nunc

128 2067 280 2122 videor
311 2066 748 2123 commodissime
789 2064 937 2134 poffe
970 2064 1029 2116 in
1066 2080 1178 2114 rem
1217 2061 1530 2129 praesentem

128 2156 379 2208 excurrere.
436 2146 578 2196 Nam
614 2143 667 2194 &
704 2140 1026 2210 menstruum
1061 2153 1242 2188 meum
1272 2134 1530 2186 Kalendis

128 2214 406 2283 Septembris
446 2215 635 2269 finitur
662 2254 677 2278 ,
704 2215 759 2266 ὃ(
796 2215 1020 2282 sequens
1051 2208 1252 2262 mensis
1285 2209 1534 2276 complu-

128 2304 190 2340 res
224 2292 323 2344 dies
356 2290 576 2345 feriatos
615 2289 789 2340 habet.
828 2288 987 2355 Rogo
1020 2300 1149 2353 ergo
1186 2297 1307 2335 ante
1346 2281 1534 2334 omnia

128 2364 361 2427 permittas
403 2364 542 2417 mihi
592 2379 767 2429 opus,
811 2362 956 2430 quod
992 2358 1331 2410 inchoaturus
1372 2355 1486 2407 sum
1515 2394 1533 2420 ,

126 2450 348 2491 exornare
389 2439 441 2490 &
482 2436 574 2489 tua
619 2434 784 2486 statua
822 2453 837 2493 ·‚
886 2432 1073 2485 deinde
1111 2446 1169 2481 ut
1219 2431 1326 2482 hoc
1364 2430 1535 2481 facere

127 2509 253 2576 quam
284 2507 642 2564 maturissime
679 2507 886 2576 possim
906 2545 923 2569 ,
957 2506 1226 2572 indulgeas
1265 2519 1535 2555 commea-

126 2594 230 2636 tum.
256 2587 379 2637 Non
410 2585 486 2636 est
520 2599 697 2635 autem
731 2578 1091 2649 simplicitatis
1122 2594 1252 2629 meae
1284 2576 1539 2628 dissimu-

125 2655 208 2707 lare
242 2661 373 2725 apud
407 2657 706 2710 bonitatem
740 2671 886 2707 tuam
910 2693 924 2716 ‚
957 2653 1130 2704 obiter
1152 2666 1205 2702 te
1241 2648 1531 2717 plurimum

126 2731 412 2782 collaturum
434 2727 753 2782 utilitatibus
774 2726 850 2779 rei
873 2723 1149 2779 familiaris
1175 2740 1324 2774 meae.
1364 2723 1536 2789 Agro-

125 2817 218 2852 rum
235 2803 374 2855 enim
395 2843 410 2866 ,
450 2821 587 2872 quos
613 2803 669 2853 in
694 2803 874 2853 eadem
899 2798 1119 2868 regione
1142 2795 1394 2864 possideo
1417 2832 1431 2855 ,
1456 2796 1536 2844 lo·

124 2876 240 2928 catio
262 2894 424 2945 quum
452 2874 693 2943 alioquin
726 2873 1105 2943 quadringenta
1135 2870 1381 2928 excedat,
1403 2868 1543 2918 adeor

125 2961 216 2999 non
267 2949 439 3018 potest
479 2945 681 3004 differri
705 2986 725 3013 ,
763 2963 823 3000 ut
857 2945 1164 3016 proximam
1203 2940 1541 3011 putationem·
