1951 3720
347 296 485 347 212
663 274 931 345 CAII
1007 273 1428 345 ΡιιΝιῙ

333 399 464 451 dum
504 400 656 468 legor
692 437 707 461 ,
757 397 940 465 cupio.
984 398 1167 466 Iraque
1216 399 1421 449 nullum
1471 396 1776 454 emendandi

339 487 507 541 genus
551 473 787 524 omitto:
830 489 889 523 ac
926 471 1160 539 primum
1200 488 1316 539 que
1355 472 1543 539 scripsi
1579 489 1779 527 mecum

336 543 450 612 ipse
482 545 785 613 pertraCto3
828 544 1018 597 deinde
1061 546 1263 597 duobus
1294 560 1383 596 aut
1422 546 1592 598 tribus
1631 548 1779 615 lego,

335 634 472 670 mox
504 619 623 670 aliis
662 619 810 670 trado
865 620 1161 670 adnotanda
1190 656 1207 682 ,
1250 619 1509 687 notasque
1553 634 1735 671 eorum
1766 659 1782 684 ,

337 690 385 742 si
428 692 613 743 dubito
635 732 649 754 ,
685 708 805 743 cum
837 708 949 742 uno
987 691 1162 743 rursus
1199 707 1288 743 aut
1326 693 1497 743 altero
1534 694 1784 759 pensit03

334 763 639 832 novissime
659 766 899 832 pluribus
939 765 1108 817 recito
1132 803 1146 827 ‚
1180 780 1238 815 ac
1259 804 1274 827 ,
1301 764 1347 816 si
1372 764 1503 832 quid
1522 766 1659 816 mihi
1685 782 1789 817 cre·

336 838 416 889 dis
449 877 464 901 ,
511 853 635 890 tunc
684 836 939 890 acerrime
987 840 1232 890 emendo.
1286 840 1425 889 Nam
1478 837 1632 889 tanto
1669 839 1789 890 dili-

336 910 547 979 gentius
564 950 578 972 ,
603 909 803 979 quanto
829 910 1110 964 sollicitius
1133 951 1148 974 ,
1171 910 1413 963 intendo.
1457 910 1687 979 Optime
1710 930 1792 964 au·

335 998 448 1035 tem
488 986 788 1036 reverentia
821 1024 835 1046 ‚
875 986 1082 1052 pudor,
1121 997 1293 1035 metus
1326 984 1586 1048 judicant.
1630 986 1790 1054 quue

335 1057 470 1109 adeo
513 1059 590 1110 sic
617 1060 766 1109 habe.
806 1060 1003 1109 Nonne
1023 1095 1039 1120 ‚
1076 1057 1123 1109 si
1153 1059 1431 1110 locuturus
1461 1075 1518 1109 es
1546 1075 1670 1110 cum
1696 1059 1790 1110 ali-

336 1148 449 1200 quo
469 1170 484 1194 ‚
512 1132 802 1199 quamlibet
826 1130 1010 1189 docio.
1045 1147 1156 1181 uno
1182 1146 1363 1183 tamen
1385 1172 1399 1195 ‚
1434 1131 1618 1183 mimis
1645 1149 1790 1185 com-

335 1206 579 1258 moveris
596 1245 610 1269 ,
633 1204 790 1273 quam
822 1204 870 1256 si
893 1220 1016 1255 cum
1039 1203 1223 1255 multis
1244 1208 1333 1257 vel
1357 1205 1631 1259 indoCtis?
1654 1207 1796 1258 Non·

334 1295 404 1331 ne
426 1318 442 1341 ,
468 1296 633 1347 quum
657 1279 825 1348 surgis
850 1280 914 1329 ad
937 1278 1198 1346 agendum
1223 1318 1239 1341 ‚
1274 1292 1400 1330 tunc
1433 1277 1681 1332 maxime
1701 1279 1795 1332 tibi

334 1351 451 1420 ipse
488 1353 720 1405 diffidis?
762 1368 888 1403 tunc
927 1366 1252 1403 commutata
1284 1390 1298 1414 ‚
1342 1369 1456 1404 non
1485 1353 1613 1405 dico
1640 1353 1796 1420 pluri·

333 1442 423 1478 ma
443 1466 459 1489 ‚
499 1426 588 1479 sed
618 1426 798 1478 omnia
831 1425 1025 1493 cupis?
1068 1424 1250 1492 utique
1278 1464 1294 1488 ‚
1329 1425 1377 1477 si
1415 1425 1583 1477 latior
1606 1426 1759 1479 scena
1778 1466 1793 1492 ,

340 1500 396 1551 &
436 1516 638 1552 corona
664 1497 929 1551 diffusior.
975 1499 1113 1549 Nam
1139 1498 1265 1550 illos
1299 1516 1514 1567 quoque
1546 1500 1794 1554 sordidos

337 1574 678 1641 pullatosque
710 1588 1036 1623 reveremur.
1079 1572 1273 1624 Nonne
1300 1612 1315 1636 ‚
1361 1573 1406 1624 si
1452 1574 1628 1640 prima
1667 1592 1797 1642 quae-

341 1663 445 1715 que
488 1646 779 1715 improbari
821 1659 973 1713 putas
1009 1682 1027 1705 ,
1075 1645 1370 1698 debiIitaris
1410 1647 1464 1698 &
1508 1648 1796 1703 concidis?

338 1720 563 1789 Opinor
584 1760 599 1783 ,
636 1720 759 1789 quia
795 1719 853 1769 in
892 1719 1265 1786 numero‘ipso
1282 1719 1355 1771 est
1391 1722 1665 1789 quoddam
1698 1739 1801 1773 ma·

341 1811 507 1865 gnum
564 1796 924 1860 collatumque
974 1791 1261 1844 consilium
1295 1812 1312 1852 ·‚
1365 1794 1665 1865 quibusque
1704 1795 1803 1847 sin-

343 1869 486 1938 gulis
508 1867 692 1935 judicii
724 1883 911 1936 parum
934 1906 949 1930 ,
983 1868 1231 1919 omnibus
1257 1868 1572 1936 plurimum.
1615 1871 1802 1937 Itaque

342 1941 679 2010 Pomponius
710 1941 980 1993 Secundus
995 1979 1010 2002 ‚
1031 1940 1117 1992 hic
1141 1940 1368 2008 scriptor
1388 1942 1803 2011 tragoediarum,

343 2015 392 2068 si
423 2016 553 2087 quid
582 2013 721 2068 forte
746 2013 1058 2066 familiarior
1093 2016 1293 2066 amicus
1324 2018 1622 2068 tollendum
1648 2057 1662 2079 ,
1696 2017 1802 2085 ipse

340 2089 680 2141 retinendum
713 2089 1047 2140 arbitraretur
1069 2126 1084 2149 ‚
1116 2087 1288 2140 dicere
1321 2089 1520 2141 solebat
1550 2109 1563 2142 :
1611 2093 1697 2139 Αἰ
1713 2109 1803 2158 po·

338 2165 504 2232 pulum
536 2181 787 2231 provee-o,-
827 2176 985 2229 atque
1023 2161 1098 2214 ita
1135 2178 1206 2214 ex
1234 2162 1424 2230 populi
1459 2166 1553 2215 vel
1578 2162 1799 2216 silentio

344 2239 437 2288 vel
470 2234 671 2289 affensu
694 2252 784 2288 aut
813 2235 958 2286 suam
980 2251 1068 2287 aut
1089 2235 1245 2288 amici
1272 2236 1590 2289 sententiam
1621 2237 1802 2307 seque-

344 2310 529 2362 batur:
561 2324 767 2362 tantum
791 2309 883 2361 ille
907 2311 1115 2377 populo
1147 2311 1313 2362 dabat.
1337 2309 1499 2362 Reste
1521 2326 1591 2361 an
1613 2311 1767 2363 secus
1789 2349 1804 2373 ,

345 2383 486 2435 nihil
508 2385 574 2435 ad
603 2401 706 2437 me.
741 2384 854 2451 Ego
886 2383 1030 2434 enim
1063 2400 1176 2436 non
1212 2385 1472 2451 populum
1501 2386 1800 2447 advocare,

346 2457 437 2511 sed
468 2472 641 2509 certos
678 2457 979 2526 e1e6kosque
1017 2457 1165 2509 soleo
1189 2497 1203 2520 ‚
1237 2474 1373 2525 quos
1406 2457 1613 2510 intuear
1636 2497 1653 2521 ‚
1692 2459 1803 2527 qui·

347 2533 446 2584 bus
484 2532 690 2584 credam
712 2569 726 2594 ,
768 2548 903 2598 quos
929 2531 1157 2600 denique
1181 2532 1232 2582 ὃ(
1252 2545 1518 2600 tamquam
1557 2531 1801 2601 singulos

350 2605 631 2658 observem
654 2645 668 2669 ,
704 2605 757 2656 &
795 2620 1065 2673 tamquam
1116 2622 1229 2657 non
1270 2604 1511 2674 singulos
1561 2605 1802 2658 timeam.

350 2681 491 2732 Nam
513 2680 658 2748 quod
675 2679 755 2730 M.
783 2677 975 2731 Cicero
992 2677 1195 2732 destilo
1210 2718 1225 2742 ,
1240 2695 1342 2748 ego
1363 2681 1424 2731 de
1439 2692 1588 2743 metu
1606 2678 1801 2730 sentio,

351 2753 545 2805 Timor
580 2751 654 2805 est
688 2753 997 2805 emendator
1036 2752 1368 2820 asperrimus,
1423 2752 1545 2803 Hoc
1589 2751 1799 2819 ipsum,

353 2825 501 2894 quod
521 2843 621 2878 nos
645 2825 958 2878 recitaturos
995 2827 1294 2896 cogitamus
1310 2865 1324 2889 ‚
1350 2825 1631 2878 emendat:
1662 2824 1800 2892 quod

349 2900 675 2954 auditorium
727 2900 1053 2974 ingredimur
1072 2939 1089 2967 ,
1124 2901 1369 2956 emendat
1405 2918 1421 2955 z
1461 2896 1610 2969 quod
1645 2899 1801 2967 palle-
