1951 3720
414 335 996 406 EpzsroLAE.
1027 334 1175 403 Lib.
1200 335 1311 405 ΠΙ.
1408 355 1430 370 ·
1485 358 1578 428 77

204 457 306 512 IX.
349 457 686 511 Pznuus
726 459 1220 509 M1uu<21ANo
1264 470 1410 509 suo
1453 459 1507 512 S.

158 579 379 653 Quantum
408 579 593 630 laboris
624 575 890 644 exhauserit
919 579 968 629 in
1003 576 1144 645 causa
1171 580 1369 647 publica
1396 582 1440 631 6·
1464 584 1586 632 mul·
1615 623 1622 630 .

213 655 365 721 tiplici
389 653 652 721 provinciae
679 652 869 704 Baeticae
905 668 1073 703 contra
1106 654 1362 704 ClassIcum
1398 655 1581 723 ejusque

208 728 360 794 [ocios
384 728 432 777 6·
461 727 715 791 ministros.
750 725 806 778 V
800 728 876 776 ide
904 725 1053 794 ficprei
1074 746 1131 792 4.

157 859 217 950 P
235 912 271 949 o
289 913 313 950 s
332 913 358 951 s
375 912 418 950 υ
436 911 490 949 Μ
521 896 629 961 iam
651 894 969 965 perscribere
995 895 1090 947 tibi
1111 911 1363 965 quantum
1402 898 1460 950 in
1479 918 1579 967 pu-

154 970 272 1023 blica
311 970 606 1039 provinciae
647 969 852 1021 Baeticae
894 971 1043 1021 causa
1082 971 1278 1022 laboris
1322 974 1578 1025 exhause-

156 1042 259 1097 rim.
298 1047 435 1110 Nam
469 1044 572 1096 fuit
603 1044 887 1111 multiplex
908 1082 922 1107 ‚
968 1042 1183 1111 actaque
1227 1044 1414 1112 saepius
1456 1063 1578 1121 cffim

155 1133 324 1187 magna
362 1113 640 1180 varietate.
699 1118 854 1168 Unde
894 1115 1172 1169 varietas?
1221 1121 1358 1169 unde
1400 1121 1578 1185 plures

156 1189 415 1243 ustiones?
462 1189 708 1242 Caecilius
754 1189 1065 1252 Classicus,
1116 1190 1283 1241 homo
1320 1192 1492 1243 foedus
1528 1194 1581 1243 δε

155 1263 315 1330 aperte
349 1265 519 1316 malus
544 1303 559 1327 ‚
591 1263 1027 1330 proconsulatum
1059 1262 1117 1313 in
1149 1280 1211 1315 ea
1246 1281 1359 1314 non
1399 1265 1580 1317 minus

154 1336 403 1389 violenter
447 1336 607 1405 quam
653 1335 860 1388 sordide
896 1334 1115 1405 gefferat
1145 1376 1161 1400 ,
1206 1339 1395 1388 eodem
1437 1354 1579 1390 anno

156 1425 254 1477 quo
278 1410 332 1461 in
350 1410 524 1462 Africa
543 1409 748 1460 Marius
772 1409 995 1461 Priscus.
1035 1411 1157 1460 Erat
1175 1425 1351 1460 autem
1374 1411 1580 1464 Priscus

156 1498 223 1533 ex
262 1483 445 1535 Baetica
469 1522 486 1548 ‚
542 1500 614 1535 ex
651 1481 828 1535 Africa
871 1481 1152 1536 Classicus,
1208 1484 1335 1535 Inde
1377 1483 1578 1537 dici-um

156 1554 453 1610 Baeticorum
477 1556 499 1621 (
521 1570 581 1608 ut
605 1559 915 1624 plerumque
947 1558 1103 1608 dolor
1137 1556 1298 1607 etiam
1327 1557 1579 1610 venustos

157 1629 267 1681 facit
302 1632 322 1698 )
357 1648 469 1683 non
508 1629 784 1697 illepidum
833 1630 1094 1682 ferebatur
1131 1649 1143 1682 :
1187 1630 1326 1679 Dedi
1365 1633 1537 1680 malum
1566 1667 1583 1689 ,

163 1704 202 1752 6·
223 1705 388 1773 accepi.
423 1705 529 1756 Sed
560 1702 795 1756 Marium
818 1720 923 1755 una
953 1702 1379 1770 civitaspublice
1401 1743 1416 1766 ‚
1449 1707 1584 1755 mul-

160 1776 287 1845 tique
304 1777 504 1846 privati
522 1794 673 1829 reum
693 1791 1039 1846 peregerunt3
1062 1776 1119 1827 in
1153 1776 1444 1829 Classicum
1469 1793 1584 1831 tota

161 1850 417 1918 provincia
439 1851 696 1904 incubuit.
729 1851 826 1903 Ille
844 1850 1231 1903 accusationem
1252 1852 1342 1903 vel
1360 1851 1582 1904 fortuita

162 1928 238 1976 vel
267 1925 572 1978 voluntaria
608 1939 781 1977 morte
813 1924 1122 1993 praevertit3
1156 1941 1277 1981 nam
1313 1925 1419 1976 fuit
1433 1942 1580 1978 mors

167 1996 257 2060 ejus
279 1999 488 2051 infamis
506 2038 521 2063 ‚
560 1997 802 2066 ambigua
826 2013 1022 2050 tamen.
1061 1999 1138 2049 Ut
1161 1998 1306 2050 enim
1330 1999 1581 2051 credibile

166 2070 415 2124 videbatur
436 2112 452 2136 ,
484 2070 714 2124 voluisse
736 2070 894 2124 exire
924 2074 988 2123 de
1005 2071 1120 2124 vita
1140 2110 1156 2134 ‚
1183 2072 1579 2139 quumdefendi

165 2159 258 2196 non
292 2143 502 2212 poss‘et3
543 2144 619 2195 ita
649 2143 844 2195 mirum
870 2185 885 2208 ‚
929 2146 1188 2213 pudorem
1221 2145 1578 2198 damnationis

166 2233 316 2270 morte
349 2216 535 2287 fugiffe
570 2254 587 2281 ‚
636 2234 793 2285 quem
831 2234 945 2269 non
985 2217 1244 2286 puduiffet
1292 2221 1583 2272 damnanda

164 2292 499 2344 committere.
542 2290 922 2342 Nihilominus·
951 2290 1144 2343 Baetica
1184 2291 1346 2343 etiam
1390 2292 1445 2343 in
1489 2295 1578 2345 de-

164 2363 308 2416 functi
332 2364 667 2417 accusatione
703 2362 972 2431 perstabat.
1023 2365 1303 2416 Provisum
1325 2366 1429 2417 hoc
1452 2368 1580 2436 legi-

162 2436 274 2501 bus,
313 2437 668 2490 intermissum
703 2453 909 2500 tamen,
952 2437 1141 2504 &post
1164 2440 1379 2508 longam
1409 2439 1587 2491 inter-

163 2512 450 2577 capedinem
492 2525 619 2563 tunc
662 2510 951 2563 reductum.
1004 2510 1327 2563 Addiderunt
1357 2512 1539 2565 Baetici
1565 2553 1580 2577 ,

165 2583 299 2649 qubd
313 2585 471 2636 simul
509 2584 687 2636 socios
723 2582 1094 2651 ministrosque
1122 2583 1342 2636 Classici
1379 2587 1583 2637 detule-

165 2672 299 2719 runt,
318 2657 742 2725 nominatimque
772 2656 832 2708 in
852 2673 947 2708 eos
969 2656 1370 2725 inquisitionem
1401 2657 1585 2725 postu-

166 2729 404 2784 laverunt.
443 2731 670 2781 Aderam
706 2729 916 2781 Baeticis
938 2769 952 2792 ‚
1010 2747 1322 2798 mecumque
1360 2731 1586 2782 Luceius

170 2800 364 2854 Albinus
397 2843 412 2867 ‚
474 2803 562 2854 vir
606 2802 663 2854 in
716 2801 938 2854 dicendo
987 2803 1238 2871 copiosus
1267 2843 1282 2866 ‚
1324 2818 1583 2863 ornatus3

170 2889 307 2938 quem
338 2893 439 2944 ego
477 2892 642 2944 quum
672 2875 806 2926 olim
829 2875 1019 2929 mutuo
1051 2877 1325 2946 diligerem
1348 2916 1362 2939 ‚
1396 2893 1464 2927 ex
1489 2879 1585 2928 hac

174 2946 311 3002 officii
362 2949 613 3005 societate
666 2964 841 3006 amare
881 2950 1148 3004 ardentius
1186 2948 1354 3074 cogpi..
1412 2950 1585 3002 Habet

1300 3038 1358 3088 ιι]
