1951 3720
402 232 470 299 E
491 249 544 299 P
567 245 606 298 ι
631 247 675 297 s
702 246 752 297 T
779 246 904 299 οι
929 188 1193 301 AEssLib.
1225 230 1356 304 VI.
1471 249 1613 331 179*

154 367 487 407 occurreret.
538 351 810 406 Occurrit.
847 353 988 405 Nam
1023 353 1264 423 sumptus
1304 355 1610 413 candidato·

151 444 316 492 rum,
353 430 534 479 foedos
573 428 700 479 illos
738 427 792 478 ὃ(
817 426 1072 491 infames,
1109 428 1335 481 ambitus
1370 432 1486 500 lege
1521 450 1614 485 re-

150 500 410 568 strinxit3
432 502 649 554 eosdem
675 501 990 569 patrimonii
1012 502 1225 555 tertiam
1252 518 1461 572 partem-
1476 522 1610 559 con-

150 576 289 627 ferre
327 576 492 641 jussit
523 576 581 626 in
610 593 708 639 ea,
746 593 862 644 quae
893 576 1012 628 solo
1047 576 1485 639 continerentur,
1516 581 1609 633 de-

151 649 326 701 forme
375 648 656 701 arbitratus
678 689 697 713 ,
724 664 785 701 ut
820 664 932 701 erat
952 690 968 715 ,
998 651 1265 703 honorem
1305 651 1570 719 petituros
1592 693 1609 719 ,

152 724 340 775 urbem
374 723 694 791 Italiamque
728 741 843 776 non
872 741 972 792 pro
997 724 1199 792 patria,
1233 725 1322 777 sed
1352 742 1452 794 pro
1484 727 1611 778 hos·

152 796 293 865 pitio
337 811 432 848 aut
464 797 703 860 stabulo,
736 799 887 867 quasi
928 797 1361 867 peregrinantes,
1397 800 1608 855 habere.

153 871 496 922 Concursant
540 888 671 940 ergo
717 871 977 923 candidati
1011 871 1248 923 certatim
1288 891 1303 924 t
1353 872 1612 942 quidquid

153 946 346 995 venale
387 944 653 1008 audiunt,
687 944 1020 1018 emptitant,
1058 943 1271 1031 quoque
1309 944 1417 997 sint
1458 949 1611 1014 plura

152 1017 413 1082 venalia,
455 1011 712 1071 efficiunt.
754 1016 1017 1082 Proinde,
1039 1019 1085 1070 si
1112 1019 1342 1088 poenitet
1370 1033 1426 1072 te
1455 1021 1605 1072 ltali-

152 1105 342 1142 corum
379 1090 741 1159 praediorum,
772 1092 879 1143 hoc
905 1091 1175 1144 vendendi
1207 1105 1455 1161 tempus,
1496 1107 1605 1146 tam

152 1162 369 1216 hercule
408 1182 571 1233 quam
621 1165 681 1216 in
719 1163 1021 1233 provinciis
1064 1165 1403 1234 comparandi
1424 1205 1443 1230 ,
1480 1168 1606 1218 dum

153 1234 319 1289 iidem
364 1237 634 1291 candidati
678 1237 789 1291 illic
826 1242 1071 1292 vendunt
1098 1278 1114 1304 ,
1160 1253 1220 1291 ut
1274 1239 1360 1291 hic
1408 1254 1608 1294 emant.

81 1352 90 1361 .
153 1309 323 1370 gVale.

156 1432 322 1488 ‚XX
363 1434 634 1487 Pramus
663 1436 1005 1485 contnuo
1043 1434 1295 1486 'faeno
1337 1447 1461 1487 suo
1502 1436 1559 1489 S.

202 1532 399 1584 Nat-rat
429 1552 527 1599 quae
558 1550 618 1582 ex
658 1529 852 1597 Vesuvii
885 1531 1056 1580 montis
1089 1531 1307 1581 incendit>
1328 1566 1342 1589 ,
1373 1530 1560 1599 Miseni

248 1647 351 1684 cum
381 1645 534 1681 matre
565 1626 782 1684 reliflus,
805 1627 1078 1694 pertulerit.
1112 1625 1168 1678 V
1161 1628 1236 1677 ide
1252 1625 1399 1695 supr&
1428 1629 1513 1681 16.

158 1712 251 1808 Α
272 1767 344 1805 1⁵
388 1767 446 1803 te
487 1749 764 1803 adduaum
804 1747 999 1801 litteris
1021 1787 1036 1812 ,
1075 1765 1203 1818 quas
1235 1748 1474 1819 exigenti
1510 1749 1611 1805 tibi

156 1828 222 1879 de
261 1841 446 1879 morte
476 1824 727 1877 avunculi
763 1822 872 1875 mei
907 1822 1127 1891 scripsi,
1165 1838 1357 1892 cupere
1388 1824 1612 1895 cognos-

156 1918 276 1954 cere
301 1942 320 1965 ,
355 1916 498 1970 quos
522 1916 625 1967 ego
645 1897 844 1950 Miseni
870 1896 1083 1949 relictus
1108 1895 1130 1962 (
1161 1896 1214 1950 id
1237 1897 1383 1949 enim
1407 1898 1613 1968 ingres-

157 1975 241 2026 sus
273 1975 586 2041 abruperam
605 1972 625 2037 )
643 1989 759 2023 non
786 1971 961 2023 solum
991 1985 1165 2023 metus
1185 2011 1205 2035 ,
1235 1971 1424 2023 verum
1448 1971 1613 2025 etiam

157 2049 306 2100 casus
335 2045 673 2115 pertulerim.
703 2046 994 2117 Quamquam
1020 2046 1199 2095 animus
1228 2045 1475 2112 meminiffe
1498 2049 1616 2098 hot·-

159 2138 248 2172 ret.
268 2161 282 2175 .
302 2161 316 2173 .
341 2121 599 2188 Incipiam.
627 2118 879 2171 Profecto
894 2120 1165 2175 avunculo
1180 2158 1195 2182 ,
1215 2117 1327 2186 ipse
1345 2119 1612 2187 reliquum

160 2209 374 2263 tempus
406 2193 588 2245 studiis
612 2193 634 2260 (
663 2192 785 2244 ideo
807 2191 953 2243 enim'
978 2192 1324 2244 remanseram
1346 2192 1369 2259 )
1394 2191 1614 2261 impen-

160 2269 246 2321 di:
272 2285 415 2320 mox
435 2267 734 2330 balineum,
772 2282 926 2318 coena
948 2305 968 2329 ,
998 2266 1214 2317 somnus
1249 2264 1520 2335 inquietus
1557 2267 1611 2320 &

160 2340 361 2394 brevis.
398 2338 728 2392 Praecefferat
757 2356 853 2408 per
876 2341 1077 2392 multos
1094 2342 1207 2391 dies
1226 2353 1429 2391 tremor
1456 2355 1614 2395 terrae

160 2415 341 2468 mimis
393 2414 774 2466 formidolosus
808 2453 823 2477 ,
866 2412 990 2480 quia
1029 2412 1332 2480 Campania
1381 2414 1570 2468 solitus
1595 2432 1614 2467 t

136 2487 252 2540 dna
286 2486 431 2540 vero
454 2487 613 2540 nodie
637 2487 712 2539 ita
735 2485 966 2538 invaluit
991 2525 1005 2549 ,
1029 2500 1089 2538 ut
1119 2503 1233 2538 non
1253 2489 1466 2540 moveri
1499 2504 1616 2540 om·

160 2562 285 2624 nia,
321 2563 415 2615 sed
448 2561 593 2614 verti
629 2563 983 2614 crederentur.
1025 2560 1277 2629 Irrumpit
1312 2561 1612 2613 cubiculum

162 2653 345 2688 meum
373 2649 543 2688 mater
568 2654 581 2687 ε
609 2635 879 2705 surgebam
911 2633 1146 2686 invicem
1169 2675 1184 2698 ,
1211 2635 1257 2688 si
1290 2635 1580 2703 quiesceret
1597 2673 1621 2698 ,.

164 2710 513 2762 excitaturus.
546 2709 850 2761 Residimus
875 2707 931 2761 in
950 2724 1069 2760 area
1088 2708 1276 2760 domus
1292 2748 1311 2772 ,
1330 2724 1446 2777 quae
1469 2724 1623 2760 mare

168 2799 198 2833 a
235 2782 390 2834 testis
431 2782 647 2834 modico
690 2783 860 2850 spatio
897 2781 1184 2835 dividebat.
1238 2782 1445 2833 Dubito
1482 2796 1615 2831 con-

168 2854 418 2909 stantiam
440 2873 637 2909 vocare
669 2873 735 2907 an
770 2856 1182 2924 imprudentiam
1212 2856 1428 2906 debeam
1450 2872 1468 2907 ·.
1494 2868 1615 2923 age-

1247 2928 1298 2978 H
1336 2926 1407 2995 vj
