<?xml version="1.0" encoding="UTF-8"?>
<!DOCTYPE html PUBLIC "-//W3C//DTD XHTML 1.0 Transitional//EN"
    "http://www.w3.org/TR/xhtml1/DTD/xhtml1-transitional.dtd">
<html xmlns="http://www.w3.org/1999/xhtml" xml:lang="en" lang="en">
 <head>
  <title>
</title>
<meta http-equiv="Content-Type" content="text/html;charset=utf-8" />
  <meta name='ocr-system' content='tesseract 3.04.00' />
  <meta name='ocr-capabilities' content='ocr_page ocr_carea ocr_par ocr_line ocrx_word'/>
</head>
<body>
  <div class='ocr_page' id='page_1' title='image "./panegyricus00lallgoog_0218.png"; bbox 0 0 1951 3720; ppageno 0'>
   <div class='ocr_carea' id='block_1_1' title="bbox 447 309 1546 407">
    <p class='ocr_par' dir='ltr' id='par_1_1' title="bbox 447 309 1546 407">
     <span class='ocr_line' id='line_1_1' title="bbox 447 309 1546 407; baseline -0.009 -24"><span class='ocrx_word' id='word_1_1' title='bbox 447 337 579 407; x_wconf 88' lang='lat'>190</span> <span class='ocrx_word' id='word_1_2' title='bbox 772 312 1048 379; x_wconf 79' lang='lat' dir='ltr'><em>CA11</em></span> <span class='ocrx_word' id='word_1_3' title='bbox 1118 309 1546 377; x_wconf 76' lang='lat' dir='ltr'><em>PLJNII</em></span> 
     </span>
    </p>
   </div>
   <div class='ocr_carea' id='block_1_2' title="bbox 436 426 1877 573">
    <p class='ocr_par' dir='ltr' id='par_1_2' title="bbox 436 426 1877 573">
     <span class='ocr_line' id='line_1_2' title="bbox 436 426 1877 504; baseline -0.004 -18"><span class='ocrx_word' id='word_1_4' title='bbox 436 452 553 504; x_wconf 83' lang='lat' dir='ltr'>quae</span> <span class='ocrx_word' id='word_1_5' title='bbox 587 451 705 501; x_wconf 85' lang='lat' dir='ltr'>pars</span> <span class='ocrx_word' id='word_1_6' title='bbox 730 432 953 484; x_wconf 83' lang='lat' dir='ltr'>rationis</span> <span class='ocrx_word' id='word_1_7' title='bbox 980 430 1091 495; x_wconf 86' lang='lat' dir='ltr'>est,</span> <span class='ocrx_word' id='word_1_8' title='bbox 1131 430 1302 499; x_wconf 88' lang='lat' dir='ltr'>parui.</span> <span class='ocrx_word' id='word_1_9' title='bbox 1350 428 1447 498; x_wconf 82' lang='lat' dir='ltr'>Egi</span> <span class='ocrx_word' id='word_1_10' title='bbox 1469 426 1609 480; x_wconf 85' lang='lat' dir='ltr'>enim</span> <span class='ocrx_word' id='word_1_11' title='bbox 1627 427 1877 496; x_wconf 74' lang='lat' dir='ltr'>quasdam</span> 
     </span>
     <span class='ocr_line' id='line_1_3' title="bbox 436 502 1829 573; baseline -0.004 -14"><span class='ocrx_word' id='word_1_12' title='bbox 436 524 466 558; x_wconf 88' lang='lat' dir='ltr'>a</span> <span class='ocrx_word' id='word_1_13' title='bbox 501 509 681 559; x_wconf 88' lang='lat' dir='ltr'>senatu</span> <span class='ocrx_word' id='word_1_14' title='bbox 713 504 917 572; x_wconf 74' lang='lat' dir='ltr'>iufl‘us,</span> <span class='ocrx_word' id='word_1_15' title='bbox 953 522 1063 573; x_wconf 89' lang='lat' dir='ltr'>quo</span> <span class='ocrx_word' id='word_1_16' title='bbox 1094 519 1273 556; x_wconf 87' lang='lat' dir='ltr'>tamen</span> <span class='ocrx_word' id='word_1_17' title='bbox 1318 503 1374 554; x_wconf 85' lang='lat' dir='ltr'>in</span> <span class='ocrx_word' id='word_1_18' title='bbox 1410 518 1627 554; x_wconf 86' lang='lat' dir='ltr'>numero</span> <span class='ocrx_word' id='word_1_19' title='bbox 1663 502 1829 553; x_wconf 84' lang='lat' dir='ltr'>fuerunt</span> 
     </span>
    </p>
   </div>
   <div class='ocr_carea' id='block_1_3' title="bbox 437 545 1877 720">
    <p class='ocr_par' dir='ltr' id='par_1_3' title="bbox 437 545 1877 720">
     <span class='ocr_line' id='line_1_4' title="bbox 437 545 1877 639; baseline -0.005 -8"><span class='ocrx_word' id='word_1_20' title='bbox 437 597 507 631; x_wconf 87' lang='lat' dir='ltr'>ex</span> <span class='ocrx_word' id='word_1_21' title='bbox 552 580 643 632; x_wconf 87' lang='lat' dir='ltr'>illa</span> <span class='ocrx_word' id='word_1_22' title='bbox 679 545 920 630; x_wconf 66' lang='lat' dir='ltr'>Thraseae</span> <span class='ocrx_word' id='word_1_23' title='bbox 956 577 1259 639; x_wconf 85' lang='lat' dir='ltr'>divisione,</span> <span class='ocrx_word' id='word_1_24' title='bbox 1286 577 1392 627; x_wconf 91' lang='lat' dir='ltr'>hoc</span> <span class='ocrx_word' id='word_1_25' title='bbox 1446 576 1551 638; x_wconf 85' lang='lat' dir='ltr'>est,</span> <span class='ocrx_word' id='word_1_26' title='bbox 1589 577 1650 626; x_wconf 89' lang='lat' dir='ltr'>ad</span> <span class='ocrx_word' id='word_1_27' title='bbox 1686 577 1827 625; x_wconf 77' lang='lat' dir='ltr'>exem·</span> <span class='ocrx_word' id='word_1_28' title='bbox 1876 573 1877 576; x_wconf 70' lang='grc'>’</span> 
     </span>
     <span class='ocr_line' id='line_1_5' title="bbox 438 647 1877 720; baseline -0.004 -17"><span class='ocrx_word' id='word_1_29' title='bbox 438 655 587 720; x_wconf 86' lang='lat' dir='ltr'>plum</span> <span class='ocrx_word' id='word_1_30' title='bbox 624 653 971 720; x_wconf 78' lang='lat' dir='ltr'>pertinentes,</span> <span class='ocrx_word' id='word_1_31' title='bbox 1018 651 1179 702; x_wconf 87' lang='lat' dir='ltr'>Adfui</span> <span class='ocrx_word' id='word_1_32' title='bbox 1208 650 1419 701; x_wconf 76' lang='lat' dir='ltr'>Baeticis</span> <span class='ocrx_word' id='word_1_33' title='bbox 1441 664 1620 701; x_wconf 87' lang='lat' dir='ltr'>contra</span> <span class='ocrx_word' id='word_1_34' title='bbox 1640 647 1826 699; x_wconf 81' lang='lat' dir='ltr'>Baebium</span> <span class='ocrx_word' id='word_1_35' title='bbox 1876 647 1877 680; x_wconf 59' lang='grc' dir='ltr'><strong>ἓ</strong></span> 
     </span>
    </p>
   </div>
   <div class='ocr_carea' id='block_1_4' title="bbox 439 720 1826 791">
    <p class='ocr_par' dir='ltr' id='par_1_4' title="bbox 439 720 1826 791">
     <span class='ocr_line' id='line_1_6' title="bbox 439 720 1826 791; baseline -0.004 -14"><span class='ocrx_word' id='word_1_36' title='bbox 439 725 679 777; x_wconf 87' lang='lat' dir='ltr'>Maffam.</span> <span class='ocrx_word' id='word_1_37' title='bbox 718 725 1019 791; x_wconf 77' lang='lat' dir='ltr'>Quaesitum</span> <span class='ocrx_word' id='word_1_38' title='bbox 1043 724 1115 775; x_wconf 89' lang='lat' dir='ltr'>est</span> <span class='ocrx_word' id='word_1_39' title='bbox 1138 741 1204 775; x_wconf 89' lang='lat' dir='ltr'>an</span> <span class='ocrx_word' id='word_1_40' title='bbox 1224 725 1389 774; x_wconf 86' lang='lat' dir='ltr'>danda</span> <span class='ocrx_word' id='word_1_41' title='bbox 1411 721 1538 773; x_wconf 77' lang='lat' dir='ltr'>ess&#39;et</span> <span class='ocrx_word' id='word_1_42' title='bbox 1561 720 1826 789; x_wconf 86' lang='lat' dir='ltr'>inquisitio:</span> 
     </span>
    </p>
   </div>
   <div class='ocr_carea' id='block_1_5' title="bbox 434 794 1877 1012">
    <p class='ocr_par' dir='ltr' id='par_1_5' title="bbox 434 794 1877 1012">
     <span class='ocr_line' id='line_1_7' title="bbox 434 794 1877 866; baseline -0.004 -16"><span class='ocrx_word' id='word_1_43' title='bbox 434 800 551 850; x_wconf 83' lang='lat' dir='ltr'>data</span> <span class='ocrx_word' id='word_1_44' title='bbox 578 797 667 850; x_wconf 82' lang='lat' dir='ltr'>est.</span> <span class='ocrx_word' id='word_1_45' title='bbox 701 797 858 849; x_wconf 87' lang='lat' dir='ltr'>Adfui</span> <span class='ocrx_word' id='word_1_46' title='bbox 876 799 1053 849; x_wconf 84' lang='lat' dir='ltr'>rursus</span> <span class='ocrx_word' id='word_1_47' title='bbox 1076 798 1263 848; x_wconf 89' lang='lat' dir='ltr'>iisdem</span> <span class='ocrx_word' id='word_1_48' title='bbox 1295 794 1633 864; x_wconf 88' lang='lat' dir='ltr'><strong>querentibus</strong></span> <span class='ocrx_word' id='word_1_49' title='bbox 1666 795 1721 845; x_wconf 91' lang='lat' dir='ltr'>de</span> <span class='ocrx_word' id='word_1_50' title='bbox 1742 796 1828 844; x_wconf 84' lang='lat' dir='ltr'>Cae—</span> <span class='ocrx_word' id='word_1_51' title='bbox 1876 819 1877 866; x_wconf 24' lang='grc' dir='ltr'><strong>ᾗ</strong></span> 
     </span>
     <span class='ocr_line' id='line_1_8' title="bbox 436 867 1877 936; baseline -0.002 -15"><span class='ocrx_word' id='word_1_52' title='bbox 436 871 567 923; x_wconf 87' lang='lat' dir='ltr'>cilio</span> <span class='ocrx_word' id='word_1_53' title='bbox 607 871 861 923; x_wconf 86' lang='lat' dir='ltr'>Classico.</span> <span class='ocrx_word' id='word_1_54' title='bbox 918 871 1218 936; x_wconf 83' lang='lat' dir='ltr'>Quaesitum</span> <span class='ocrx_word' id='word_1_55' title='bbox 1255 869 1328 920; x_wconf 88' lang='lat' dir='ltr'>est</span> <span class='ocrx_word' id='word_1_56' title='bbox 1364 886 1431 919; x_wconf 87' lang='lat' dir='ltr'>an</span> <span class='ocrx_word' id='word_1_57' title='bbox 1473 867 1830 936; x_wconf 78' lang='lat' dir='ltr'>provinciales,</span> <span class='ocrx_word' id='word_1_58' title='bbox 1876 873 1877 928; x_wconf 64' lang='grc' dir='ltr'>ξ</span> 
     </span>
     <span class='ocr_line' id='line_1_9' title="bbox 436 939 1877 1012; baseline -0.005 -17"><span class='ocrx_word' id='word_1_59' title='bbox 436 959 495 995; x_wconf 89' lang='lat' dir='ltr'>ut</span> <span class='ocrx_word' id='word_1_60' title='bbox 531 944 705 997; x_wconf 85' lang='lat' dir='ltr'>socios</span> <span class='ocrx_word' id='word_1_61' title='bbox 742 943 1112 1012; x_wconf 86' lang='lat' dir='ltr'>ministrosque</span> <span class='ocrx_word' id='word_1_62' title='bbox 1142 941 1514 1012; x_wconf 83' lang='lat' dir='ltr'>proconsulis,</span> <span class='ocrx_word' id='word_1_63' title='bbox 1542 939 1833 1009; x_wconf 69' lang='lat' dir='ltr'>plestiopor-</span> <span class='ocrx_word' id='word_1_64' title='bbox 1876 979 1877 988; x_wconf 68' lang='grc'>,</span> 
     </span>
    </p>
   </div>
   <div class='ocr_carea' id='block_1_6' title="bbox 433 1012 1837 1671">
    <p class='ocr_par' dir='ltr' id='par_1_6' title="bbox 433 1012 1837 1671">
     <span class='ocr_line' id='line_1_10' title="bbox 437 1012 1830 1085; baseline -0.002 -19"><span class='ocrx_word' id='word_1_65' title='bbox 437 1031 573 1069; x_wconf 86' lang='lat' dir='ltr'>teret</span> <span class='ocrx_word' id='word_1_66' title='bbox 614 1036 626 1069; x_wconf 74' lang='grc' dir='ltr'><strong><em>ε</em></strong></span> <span class='ocrx_word' id='word_1_67' title='bbox 666 1035 853 1085; x_wconf 87' lang='lat' dir='ltr'>poenas</span> <span class='ocrx_word' id='word_1_68' title='bbox 893 1019 1125 1069; x_wconf 87' lang='lat' dir='ltr'>luerunt.</span> <span class='ocrx_word' id='word_1_69' title='bbox 1164 1015 1424 1068; x_wconf 85' lang='lat' dir='ltr'>Accusavi</span> <span class='ocrx_word' id='word_1_70' title='bbox 1468 1013 1697 1065; x_wconf 87' lang='lat' dir='ltr'>Marium</span> <span class='ocrx_word' id='word_1_71' title='bbox 1727 1012 1830 1063; x_wconf 86' lang='lat' dir='ltr'>Pris—</span> 
     </span>
     <span class='ocr_line' id='line_1_11' title="bbox 435 1087 1832 1159; baseline -0.002 -19"><span class='ocrx_word' id='word_1_72' title='bbox 435 1107 556 1141; x_wconf 83' lang='lat' dir='ltr'>cum</span> <span class='ocrx_word' id='word_1_73' title='bbox 588 1090 715 1158; x_wconf 89' lang='lat' dir='ltr'>qui,</span> <span class='ocrx_word' id='word_1_74' title='bbox 750 1093 867 1159; x_wconf 87' lang='lat' dir='ltr'>lege</span> <span class='ocrx_word' id='word_1_75' title='bbox 896 1092 1306 1157; x_wconf 86' lang='lat' dir='ltr'>repetundarum</span> <span class='ocrx_word' id='word_1_76' title='bbox 1344 1090 1653 1151; x_wconf 84' lang='lat' dir='ltr'>damnatus,</span> <span class='ocrx_word' id='word_1_77' title='bbox 1692 1087 1832 1137; x_wconf 86' lang='lat' dir='ltr'>uteba-</span> 
     </span>
     <span class='ocr_line' id='line_1_12' title="bbox 435 1157 1833 1231; baseline -0.003 -18"><span class='ocrx_word' id='word_1_78' title='bbox 435 1176 520 1213; x_wconf 87' lang='lat' dir='ltr'>tur</span> <span class='ocrx_word' id='word_1_79' title='bbox 555 1162 836 1215; x_wconf 82' lang='lat' dir='ltr'>clementia</span> <span class='ocrx_word' id='word_1_80' title='bbox 871 1164 1042 1231; x_wconf 86' lang='lat' dir='ltr'>legis,</span> <span class='ocrx_word' id='word_1_81' title='bbox 1078 1162 1227 1227; x_wconf 71' lang='lat' dir='ltr'>cujus</span> <span class='ocrx_word' id='word_1_82' title='bbox 1260 1162 1599 1214; x_wconf 86' lang='lat' dir='ltr'>severitatem</span> <span class='ocrx_word' id='word_1_83' title='bbox 1637 1157 1833 1211; x_wconf 80' lang='lat' dir='ltr'>immani·</span> 
     </span>
     <span class='ocr_line' id='line_1_13' title="bbox 435 1231 1832 1304; baseline -0.002 -18"><span class='ocrx_word' id='word_1_84' title='bbox 435 1250 542 1287; x_wconf 84' lang='lat' dir='ltr'>tate</span> <span class='ocrx_word' id='word_1_85' title='bbox 583 1236 868 1288; x_wconf 87' lang='lat' dir='ltr'>criminum</span> <span class='ocrx_word' id='word_1_86' title='bbox 902 1235 1222 1288; x_wconf 78' lang='lat' dir='ltr'>excess‘erat:</span> <span class='ocrx_word' id='word_1_87' title='bbox 1260 1236 1521 1304; x_wconf 86' lang='lat' dir='ltr'>relegatus</span> <span class='ocrx_word' id='word_1_88' title='bbox 1554 1232 1643 1285; x_wconf 86' lang='lat' dir='ltr'>est.</span> <span class='ocrx_word' id='word_1_89' title='bbox 1683 1231 1832 1284; x_wconf 79' lang='lat' dir='ltr'>Tuitus</span> 
     </span>
     <span class='ocr_line' id='line_1_14' title="bbox 436 1304 1835 1372; baseline -0.002 -12"><span class='ocrx_word' id='word_1_90' title='bbox 436 1310 549 1360; x_wconf 86' lang='lat' dir='ltr'>sum</span> <span class='ocrx_word' id='word_1_91' title='bbox 582 1311 783 1363; x_wconf 89' lang='lat' dir='ltr'>Julium</span> <span class='ocrx_word' id='word_1_92' title='bbox 825 1309 1030 1361; x_wconf 82' lang='lat' dir='ltr'>Baffum</span> <span class='ocrx_word' id='word_1_93' title='bbox 1056 1348 1069 1372; x_wconf 90' lang='lat'>‚</span> <span class='ocrx_word' id='word_1_94' title='bbox 1106 1324 1166 1359; x_wconf 90' lang='lat' dir='ltr'>ut</span> <span class='ocrx_word' id='word_1_95' title='bbox 1207 1307 1589 1360; x_wconf 83' lang='lat' dir='ltr'>incustoditum</span> <span class='ocrx_word' id='word_1_96' title='bbox 1628 1305 1768 1357; x_wconf 84' lang='lat' dir='ltr'>nimis</span> <span class='ocrx_word' id='word_1_97' title='bbox 1797 1304 1835 1356; x_wconf 76' lang='grc' dir='ltr'>δε</span> 
     </span>
     <span class='ocr_line' id='line_1_15' title="bbox 435 1379 1833 1445; baseline -0.002 -13"><span class='ocrx_word' id='word_1_98' title='bbox 435 1381 705 1434; x_wconf 87' lang='lat' dir='ltr'>incautum</span> <span class='ocrx_word' id='word_1_99' title='bbox 724 1421 739 1445; x_wconf 90' lang='lat'>,</span> <span class='ocrx_word' id='word_1_100' title='bbox 775 1382 848 1434; x_wconf 90' lang='lat' dir='ltr'>ita</span> <span class='ocrx_word' id='word_1_101' title='bbox 879 1380 1102 1434; x_wconf 74' lang='lat' dir='ltr'>minime</span> <span class='ocrx_word' id='word_1_102' title='bbox 1126 1384 1324 1433; x_wconf 87' lang='lat' dir='ltr'>malum</span> <span class='ocrx_word' id='word_1_103' title='bbox 1354 1400 1368 1434; x_wconf 73' lang='grc' dir='ltr'><strong><em>ε</em></strong></span> <span class='ocrx_word' id='word_1_104' title='bbox 1405 1379 1666 1445; x_wconf 85' lang='lat' dir='ltr'>iudicibus</span> <span class='ocrx_word' id='word_1_105' title='bbox 1687 1394 1833 1445; x_wconf 86' lang='lat' dir='ltr'>accep·</span> 
     </span>
     <span class='ocr_line' id='line_1_16' title="bbox 434 1451 1837 1522; baseline -0.004 -16"><span class='ocrx_word' id='word_1_106' title='bbox 434 1453 505 1506; x_wconf 87' lang='lat' dir='ltr'>tis</span> <span class='ocrx_word' id='word_1_107' title='bbox 530 1494 546 1519; x_wconf 88' lang='lat'>,</span> <span class='ocrx_word' id='word_1_108' title='bbox 584 1455 642 1507; x_wconf 86' lang='lat' dir='ltr'>in</span> <span class='ocrx_word' id='word_1_109' title='bbox 678 1457 861 1508; x_wconf 86' lang='lat' dir='ltr'>senatu</span> <span class='ocrx_word' id='word_1_110' title='bbox 896 1455 1168 1508; x_wconf 83' lang='lat' dir='ltr'><strong>remansit.</strong></span> <span class='ocrx_word' id='word_1_111' title='bbox 1211 1454 1351 1505; x_wconf 82' lang='lat' dir='ltr'>Dixi</span> <span class='ocrx_word' id='word_1_112' title='bbox 1370 1452 1624 1522; x_wconf 74' lang='lat' dir='ltr'>proxime</span> <span class='ocrx_word' id='word_1_113' title='bbox 1641 1469 1733 1521; x_wconf 89' lang='lat' dir='ltr'>pro</span> <span class='ocrx_word' id='word_1_114' title='bbox 1749 1451 1837 1502; x_wconf 84' lang='lat' dir='ltr'>Va·</span> 
     </span>
     <span class='ocr_line' id='line_1_17' title="bbox 434 1522 1835 1598; baseline -0.003 -19"><span class='ocrx_word' id='word_1_115' title='bbox 434 1545 597 1592; x_wconf 88' lang='lat' dir='ltr'>ren0,</span> <span class='ocrx_word' id='word_1_116' title='bbox 636 1528 930 1598; x_wconf 86' lang='lat' dir='ltr'>postulante</span> <span class='ocrx_word' id='word_1_117' title='bbox 960 1544 1026 1581; x_wconf 73' lang='lat' dir='ltr'>-ut</span> <span class='ocrx_word' id='word_1_118' title='bbox 1060 1528 1162 1580; x_wconf 87' lang='lat' dir='ltr'>sibi</span> <span class='ocrx_word' id='word_1_119' title='bbox 1191 1527 1431 1579; x_wconf 81' lang='lat' dir='ltr'>invicem</span> <span class='ocrx_word' id='word_1_120' title='bbox 1464 1543 1692 1579; x_wconf 87' lang='lat' dir='ltr'>evocare</span> <span class='ocrx_word' id='word_1_121' title='bbox 1719 1522 1835 1576; x_wconf 80' lang='lat' dir='ltr'>testes</span> 
     </span>
     <span class='ocr_line' id='line_1_18' title="bbox 433 1599 1835 1671; baseline -0.004 -19"><span class='ocrx_word' id='word_1_122' title='bbox 433 1601 653 1655; x_wconf 90' lang='lat' dir='ltr'>liceret.</span> <span class='ocrx_word' id='word_1_123' title='bbox 690 1604 1033 1671; x_wconf 87' lang='lat' dir='ltr'>impetratum</span> <span class='ocrx_word' id='word_1_124' title='bbox 1062 1601 1152 1653; x_wconf 89' lang='lat' dir='ltr'>est.</span> <span class='ocrx_word' id='word_1_125' title='bbox 1191 1603 1254 1652; x_wconf 87' lang='lat' dir='ltr'>In</span> <span class='ocrx_word' id='word_1_126' title='bbox 1275 1599 1547 1669; x_wconf 85' lang='lat' dir='ltr'>posterum</span> <span class='ocrx_word' id='word_1_127' title='bbox 1581 1613 1710 1667; x_wconf 85' lang='lat' dir='ltr'>opto</span> <span class='ocrx_word' id='word_1_128' title='bbox 1729 1612 1778 1648; x_wconf 87' lang='lat' dir='ltr'>ut</span> <span class='ocrx_word' id='word_1_129' title='bbox 1792 1611 1835 1647; x_wconf 83' lang='lat' dir='ltr'>ea</span> 
     </span>
    </p>
   </div>
   <div class='ocr_carea' id='block_1_7' title="bbox 432 1671 1836 1803">
    <p class='ocr_par' dir='ltr' id='par_1_7' title="bbox 432 1671 1836 1803">
     <span class='ocr_line' id='line_1_19' title="bbox 433 1671 1836 1743; baseline -0.004 -17"><span class='ocrx_word' id='word_1_130' title='bbox 433 1675 784 1742; x_wconf 85' lang='lat' dir='ltr'>potissimum</span> <span class='ocrx_word' id='word_1_131' title='bbox 819 1675 1000 1741; x_wconf 82' lang='lat' dir='ltr'>jubear</span> <span class='ocrx_word' id='word_1_132' title='bbox 1023 1714 1039 1740; x_wconf 91' lang='lat'>,</span> <span class='ocrx_word' id='word_1_133' title='bbox 1080 1692 1197 1743; x_wconf 81' lang='lat' dir='ltr'>quae</span> <span class='ocrx_word' id='word_1_134' title='bbox 1233 1690 1320 1726; x_wconf 89' lang='lat' dir='ltr'>me</span> <span class='ocrx_word' id='word_1_135' title='bbox 1353 1675 1537 1725; x_wconf 88' lang='lat' dir='ltr'>deceat</span> <span class='ocrx_word' id='word_1_136' title='bbox 1572 1674 1663 1726; x_wconf 86' lang='lat' dir='ltr'>vel</span> <span class='ocrx_word' id='word_1_137' title='bbox 1688 1671 1836 1740; x_wconf 77' lang='lat' dir='ltr'>sponte</span> 
     </span>
     <span class='ocr_line' id='line_1_20' title="bbox 432 1747 1649 1803; baseline -0.012 -4"><span class='ocrx_word' id='word_1_138' title='bbox 432 1747 627 1802; x_wconf 79' lang='lat' dir='ltr'>feciss‘e.</span> <span class='ocrx_word' id='word_1_139' title='bbox 665 1751 820 1803; x_wconf 86' lang='lat' dir='ltr'>Vale.</span> <span class='ocrx_word' id='word_1_140' title='bbox 1646 1771 1649 1774; x_wconf 50' lang='lat'><strong>&gt;</strong></span> 
     </span>
    </p>
   </div>
   <div class='ocr_carea' id='block_1_8' title="bbox 481 1869 1807 2129">
    <p class='ocr_par' dir='ltr' id='par_1_8' title="bbox 481 1869 1807 2129">
     <span class='ocr_line' id='line_1_21' title="bbox 534 1869 1756 1921; baseline -0.002 -1"><span class='ocrx_word' id='word_1_141' title='bbox 534 1869 1120 1921; x_wconf 66' lang='lat' dir='ltr'>XXX.P1„11‹1us</span> <span class='ocrx_word' id='word_1_142' title='bbox 1158 1869 1476 1920; x_wconf 53' lang='lat' dir='ltr'>Fauii-ro</span> <span class='ocrx_word' id='word_1_143' title='bbox 1521 1879 1671 1919; x_wconf 83' lang='lat' dir='ltr'>suo</span> <span class='ocrx_word' id='word_1_144' title='bbox 1707 1869 1756 1920; x_wconf 88' lang='lat' dir='ltr'>S.</span> 
     </span>
     <span class='ocr_line' id='line_1_22' title="bbox 481 1959 1807 2032; baseline -0.004 -15"><span class='ocrx_word' id='word_1_145' title='bbox 481 1965 568 2023; x_wconf 84' lang='lat' dir='ltr'>De</span> <span class='ocrx_word' id='word_1_146' title='bbox 608 1965 767 2017; x_wconf 72' lang='lat' dir='ltr'>natali</span> <span class='ocrx_word' id='word_1_147' title='bbox 805 1967 880 2015; x_wconf 74' lang='lat' dir='ltr'>die</span> <span class='ocrx_word' id='word_1_148' title='bbox 905 1959 1152 2032; x_wconf 72' lang='lat' dir='ltr'>prosocer-1⁶</span> <span class='ocrx_word' id='word_1_149' title='bbox 1172 1997 1187 2023; x_wconf 89' lang='lat'>,</span> <span class='ocrx_word' id='word_1_150' title='bbox 1224 1963 1270 2014; x_wconf 75' lang='lat'>6·</span> <span class='ocrx_word' id='word_1_151' title='bbox 1302 1964 1358 2012; x_wconf 74' lang='lat' dir='ltr'>de</span> <span class='ocrx_word' id='word_1_152' title='bbox 1388 1964 1664 2027; x_wconf 55' lang='lat' dir='ltr'>administro</span> <span class='ocrx_word' id='word_1_153' title='bbox 1699 1963 1807 2014; x_wconf 71' lang='lat' dir='ltr'>villa</span> 
     </span>
     <span class='ocr_line' id='line_1_23' title="bbox 830 2059 1474 2129; baseline 0 -17"><span class='ocrx_word' id='word_1_154' title='bbox 830 2061 1128 2112; x_wconf 80' lang='lat' dir='ltr'>Camillianae</span> <span class='ocrx_word' id='word_1_155' title='bbox 1150 2059 1474 2129; x_wconf 62' lang='lat' dir='ltr'>praeficiendo-</span> 
     </span>
    </p>
   </div>
   <div class='ocr_carea' id='block_1_9' title="bbox 1876 995 1878 2239">
    <p class='ocr_par' dir='ltr' id='par_1_9' title="bbox 1876 995 1878 2239">
     <span class='ocr_line' id='line_1_24' title="bbox 1876 995 1878 2239; baseline 0 0"><span class='ocrx_word' id='word_1_156' title='bbox 1876 995 1878 2239; x_wconf 95' lang='lat' dir='ltr'> </span> 
     </span>
    </p>
   </div>
   <div class='ocr_carea' id='block_1_10' title="bbox 439 2147 1877 2250">
    <p class='ocr_par' dir='ltr' id='par_1_10' title="bbox 439 2147 1877 2250">
     <span class='ocr_line' id='line_1_25' title="bbox 439 2147 1877 2250; baseline -0.008 -10"><span class='ocrx_word' id='word_1_157' title='bbox 439 2147 531 2240; x_wconf 89' lang='lat' dir='ltr'>D</span> <span class='ocrx_word' id='word_1_158' title='bbox 552 2199 587 2236; x_wconf 82' lang='lat' dir='ltr'>E</span> <span class='ocrx_word' id='word_1_159' title='bbox 602 2199 634 2236; x_wconf 82' lang='lat' dir='ltr'>B</span> <span class='ocrx_word' id='word_1_160' title='bbox 651 2199 686 2235; x_wconf 80' lang='lat' dir='ltr'><strong>E</strong></span> <span class='ocrx_word' id='word_1_161' title='bbox 701 2199 754 2236; x_wconf 85' lang='lat' dir='ltr'>M</span> <span class='ocrx_word' id='word_1_162' title='bbox 770 2199 811 2236; x_wconf 84' lang='grc' dir='ltr'>υ</span> <span class='ocrx_word' id='word_1_163' title='bbox 831 2199 858 2236; x_wconf 91' lang='lat' dir='ltr'>s</span> <span class='ocrx_word' id='word_1_164' title='bbox 915 2183 1215 2236; x_wconf 87' lang='lat' dir='ltr'>mehercule</span> <span class='ocrx_word' id='word_1_165' title='bbox 1255 2184 1454 2235; x_wconf 84' lang='lat' dir='ltr'>natales</span> <span class='ocrx_word' id='word_1_166' title='bbox 1492 2194 1623 2236; x_wconf 86' lang='lat' dir='ltr'>tuos</span> <span class='ocrx_word' id='word_1_167' title='bbox 1662 2178 1837 2250; x_wconf 80' lang='lat' dir='ltr'>perinde</span> <span class='ocrx_word' id='word_1_168' title='bbox 1876 2172 1877 2181; x_wconf 72' lang='grc'>’</span> 
     </span>
    </p>
   </div>
   <div class='ocr_carea' id='block_1_11' title="bbox 429 2255 1877 2914">
    <p class='ocr_par' dir='ltr' id='par_1_11' title="bbox 429 2255 1845 2914">
     <span class='ocr_line' id='line_1_26' title="bbox 433 2255 1840 2339; baseline -0.004 -31"><span class='ocrx_word' id='word_1_169' title='bbox 433 2273 493 2308; x_wconf 90' lang='lat' dir='ltr'>ac</span> <span class='ocrx_word' id='word_1_170' title='bbox 530 2257 736 2310; x_wconf 88' lang='lat' dir='ltr'>nostros</span> <span class='ocrx_word' id='word_1_171' title='bbox 780 2259 1042 2310; x_wconf 85' lang='lat' dir='ltr'>celebrare</span> <span class='ocrx_word' id='word_1_172' title='bbox 1075 2295 1092 2339; x_wconf 87' lang='lat'>’.</span> <span class='ocrx_word' id='word_1_173' title='bbox 1136 2273 1300 2324; x_wconf 87' lang='lat' dir='ltr'>quum</span> <span class='ocrx_word' id='word_1_174' title='bbox 1342 2256 1530 2308; x_wconf 82' lang='lat' dir='ltr'>laetitia</span> <span class='ocrx_word' id='word_1_175' title='bbox 1578 2255 1840 2308; x_wconf 84' lang='lat' dir='ltr'>nostrorum</span> 
     </span>
     <span class='ocr_line' id='line_1_27' title="bbox 434 2322 1877 2400; baseline -0.004 -18"><span class='ocrx_word' id='word_1_176' title='bbox 434 2347 503 2382; x_wconf 85' lang='lat' dir='ltr'>ex</span> <span class='ocrx_word' id='word_1_177' title='bbox 550 2330 657 2382; x_wconf 87' lang='lat' dir='ltr'>tuis</span> <span class='ocrx_word' id='word_1_178' title='bbox 698 2333 923 2399; x_wconf 82' lang='lat' dir='ltr'>pendeat</span> <span class='ocrx_word' id='word_1_179' title='bbox 954 2371 969 2395; x_wconf 91' lang='lat'>,</span> <span class='ocrx_word' id='word_1_180' title='bbox 1014 2329 1165 2394; x_wconf 80' lang='lat' dir='ltr'>cujus</span> <span class='ocrx_word' id='word_1_181' title='bbox 1202 2328 1478 2400; x_wconf 83' lang='lat' dir='ltr'>diligentia</span> <span class='ocrx_word' id='word_1_182' title='bbox 1521 2330 1580 2382; x_wconf 73' lang='grc' dir='ltr'>δι</span> <span class='ocrx_word' id='word_1_183' title='bbox 1620 2327 1741 2381; x_wconf 68' lang='lat' dir='ltr'>cura</span> <span class='ocrx_word' id='word_1_184' title='bbox 1778 2322 1877 2377; x_wconf 77' lang='lat' dir='ltr'>hic</span> 
     </span>
     <span class='ocr_line' id='line_1_28' title="bbox 429 2400 1840 2468; baseline -0.001 -14"><span class='ocrx_word' id='word_1_185' title='bbox 429 2403 665 2468; x_wconf 84' lang='lat' dir='ltr'>hilares,</span> <span class='ocrx_word' id='word_1_186' title='bbox 705 2404 817 2456; x_wconf 86' lang='lat' dir='ltr'>istic</span> <span class='ocrx_word' id='word_1_187' title='bbox 856 2404 1025 2456; x_wconf 87' lang='lat' dir='ltr'>securi</span> <span class='ocrx_word' id='word_1_188' title='bbox 1059 2403 1257 2457; x_wconf 84' lang='lat' dir='ltr'>sumus.</span> <span class='ocrx_word' id='word_1_189' title='bbox 1317 2403 1464 2456; x_wconf 87' lang='lat' dir='ltr'>Villa</span> <span class='ocrx_word' id='word_1_190' title='bbox 1503 2400 1802 2455; x_wconf 80' lang='lat' dir='ltr'>Camilliana</span> <span class='ocrx_word' id='word_1_191' title='bbox 1827 2434 1840 2461; x_wconf 78' lang='grc'><em>,</em></span> 
     </span>
     <span class='ocr_line' id='line_1_29' title="bbox 431 2471 1877 2546; baseline -0.001 -17"><span class='ocrx_word' id='word_1_192' title='bbox 431 2493 592 2546; x_wconf 83' lang='lat' dir='ltr'>quam</span> <span class='ocrx_word' id='word_1_193' title='bbox 620 2476 679 2528; x_wconf 87' lang='lat' dir='ltr'>in</span> <span class='ocrx_word' id='word_1_194' title='bbox 713 2477 1002 2544; x_wconf 88' lang='lat' dir='ltr'>Campania</span> <span class='ocrx_word' id='word_1_195' title='bbox 1021 2476 1295 2544; x_wconf 88' lang='lat' dir='ltr'>possides,</span> <span class='ocrx_word' id='word_1_196' title='bbox 1321 2475 1396 2528; x_wconf 88' lang='lat' dir='ltr'>est</span> <span class='ocrx_word' id='word_1_197' title='bbox 1432 2475 1656 2544; x_wconf 86' lang='lat' dir='ltr'>quidem</span> <span class='ocrx_word' id='word_1_198' title='bbox 1692 2471 1877 2537; x_wconf 76' lang='lat' dir='ltr'>vetus-j</span> 
     </span>
     <span class='ocr_line' id='line_1_30' title="bbox 431 2548 1840 2618; baseline -0.004 -16"><span class='ocrx_word' id='word_1_199' title='bbox 431 2565 539 2602; x_wconf 87' lang='lat' dir='ltr'>tate</span> <span class='ocrx_word' id='word_1_200' title='bbox 582 2565 817 2609; x_wconf 78' lang='lat' dir='ltr'>vexata3</span> <span class='ocrx_word' id='word_1_201' title='bbox 850 2565 1029 2602; x_wconf 85' lang='lat' dir='ltr'>tamen</span> <span class='ocrx_word' id='word_1_202' title='bbox 1067 2567 1183 2618; x_wconf 83' lang='lat' dir='ltr'>quae</span> <span class='ocrx_word' id='word_1_203' title='bbox 1225 2551 1345 2602; x_wconf 86' lang='lat' dir='ltr'>sunt</span> <span class='ocrx_word' id='word_1_204' title='bbox 1383 2548 1746 2618; x_wconf 80' lang='lat' dir='ltr'>pretiosiora,</span> <span class='ocrx_word' id='word_1_205' title='bbox 1774 2556 1840 2596; x_wconf 82' lang='lat' dir='ltr'>aut</span> 
     </span>
     <span class='ocr_line' id='line_1_31' title="bbox 431 2622 1843 2693; baseline -0.003 -17"><span class='ocrx_word' id='word_1_206' title='bbox 431 2623 637 2693; x_wconf 85' lang='lat' dir='ltr'>integra</span> <span class='ocrx_word' id='word_1_207' title='bbox 666 2638 914 2687; x_wconf 83' lang='lat' dir='ltr'>manent,</span> <span class='ocrx_word' id='word_1_208' title='bbox 944 2638 1036 2676; x_wconf 88' lang='lat' dir='ltr'>aut</span> <span class='ocrx_word' id='word_1_209' title='bbox 1063 2622 1342 2675; x_wconf 71' lang='lat' dir='ltr'>levissime</span> <span class='ocrx_word' id='word_1_210' title='bbox 1361 2623 1481 2675; x_wconf 83' lang='lat' dir='ltr'>laesa</span> <span class='ocrx_word' id='word_1_211' title='bbox 1510 2622 1654 2676; x_wconf 83' lang='lat' dir='ltr'>sunt.</span> <span class='ocrx_word' id='word_1_212' title='bbox 1691 2622 1843 2673; x_wconf 85' lang='lat' dir='ltr'>Atten-</span> 
     </span>
     <span class='ocr_line' id='line_1_32' title="bbox 431 2693 1841 2766; baseline -0.001 -17"><span class='ocrx_word' id='word_1_213' title='bbox 431 2697 605 2749; x_wconf 87' lang='lat' dir='ltr'>dimus</span> <span class='ocrx_word' id='word_1_214' title='bbox 635 2714 765 2766; x_wconf 87' lang='lat' dir='ltr'>ergo</span> <span class='ocrx_word' id='word_1_215' title='bbox 783 2711 842 2748; x_wconf 90' lang='lat' dir='ltr'>ut</span> <span class='ocrx_word' id='word_1_216' title='bbox 861 2714 1021 2765; x_wconf 83' lang='lat' dir='ltr'>quam</span> <span class='ocrx_word' id='word_1_217' title='bbox 1046 2694 1381 2749; x_wconf 74' lang='lat' dir='ltr'>saluberrime</span> <span class='ocrx_word' id='word_1_218' title='bbox 1401 2695 1726 2749; x_wconf 74' lang='lat' dir='ltr'>reficiantur.</span> <span class='ocrx_word' id='word_1_219' title='bbox 1754 2693 1841 2760; x_wconf 71' lang='lat' dir='ltr'>Ego</span> 
     </span>
     <span class='ocr_line' id='line_1_33' title="bbox 432 2765 1840 2853; baseline -0.004 -30"><span class='ocrx_word' id='word_1_220' title='bbox 432 2770 623 2824; x_wconf 82' lang='lat' dir='ltr'>videor</span> <span class='ocrx_word' id='word_1_221' title='bbox 645 2771 834 2823; x_wconf 85' lang='lat' dir='ltr'>habere</span> <span class='ocrx_word' id='word_1_222' title='bbox 864 2772 1062 2823; x_wconf 87' lang='lat' dir='ltr'>multos</span> <span class='ocrx_word' id='word_1_223' title='bbox 1083 2770 1317 2842; x_wconf 84' lang='lat' dir='ltr'>amicos,</span> <span class='ocrx_word' id='word_1_224' title='bbox 1346 2770 1436 2823; x_wconf 83' lang='lat' dir='ltr'>sed</span> <span class='ocrx_word' id='word_1_225' title='bbox 1451 2768 1610 2836; x_wconf 81' lang='lat' dir='ltr'>hujus</span> <span class='ocrx_word' id='word_1_226' title='bbox 1631 2765 1840 2853; x_wconf 39' lang='lat' dir='ltr'>generis·</span> 
     </span>
     <span class='ocr_line' id='line_1_34' title="bbox 434 2837 1877 2914; baseline -0.003 -18"><span class='ocrx_word' id='word_1_227' title='bbox 434 2842 581 2909; x_wconf 82' lang='lat' dir='ltr'>cujus</span> <span class='ocrx_word' id='word_1_228' title='bbox 624 2844 677 2895; x_wconf 67' lang='grc' dir='ltr'>ὅ(</span> <span class='ocrx_word' id='word_1_229' title='bbox 710 2857 769 2895; x_wconf 91' lang='lat' dir='ltr'>tu</span> <span class='ocrx_word' id='word_1_230' title='bbox 797 2843 1020 2912; x_wconf 70' lang='lat' dir='ltr'>quaeris,</span> <span class='ocrx_word' id='word_1_231' title='bbox 1061 2845 1112 2896; x_wconf 88' lang='lat'>&amp;</span> <span class='ocrx_word' id='word_1_232' title='bbox 1143 2861 1225 2896; x_wconf 89' lang='lat' dir='ltr'>res</span> <span class='ocrx_word' id='word_1_233' title='bbox 1252 2843 1456 2914; x_wconf 86' lang='lat' dir='ltr'>exigit,</span> <span class='ocrx_word' id='word_1_234' title='bbox 1492 2843 1669 2912; x_wconf 81' lang='lat' dir='ltr'>prope</span> <span class='ocrx_word' id='word_1_235' title='bbox 1708 2837 1877 2894; x_wconf 83' lang='lat' dir='ltr'>nemi·</span> 
     </span>
    </p>
   </div>
   <div class='ocr_carea' id='block_1_12' title="bbox 435 2910 1877 2990">
    <p class='ocr_par' dir='ltr' id='par_1_12' title="bbox 435 2910 1877 2990">
     <span class='ocr_line' id='line_1_35' title="bbox 435 2910 1877 2990; baseline 0 -21"><span class='ocrx_word' id='word_1_236' title='bbox 435 2933 577 2975; x_wconf 81' lang='lat' dir='ltr'>nem.</span> <span class='ocrx_word' id='word_1_237' title='bbox 615 2919 750 2973; x_wconf 86' lang='lat' dir='ltr'>Sunt</span> <span class='ocrx_word' id='word_1_238' title='bbox 778 2917 924 2972; x_wconf 84' lang='lat' dir='ltr'>enim</span> <span class='ocrx_word' id='word_1_239' title='bbox 950 2935 1144 2973; x_wconf 81' lang='lat' dir='ltr'>omnes</span> <span class='ocrx_word' id='word_1_240' title='bbox 1171 2917 1344 2990; x_wconf 85' lang='lat' dir='ltr'>togati</span> <span class='ocrx_word' id='word_1_241' title='bbox 1377 2918 1432 2971; x_wconf 87' lang='lat'>&amp;</span> <span class='ocrx_word' id='word_1_242' title='bbox 1455 2916 1682 2970; x_wconf 86' lang='lat' dir='ltr'>urbani.</span> <span class='ocrx_word' id='word_1_243' title='bbox 1714 2910 1841 2967; x_wconf 84' lang='lat' dir='ltr'>rusti·</span> <span class='ocrx_word' id='word_1_244' title='bbox 1876 2936 1877 2969; x_wconf 56' lang='lat' dir='ltr'>l</span> 
     </span>
    </p>
   </div>
  </div>
 </body>
</html>
