1951 3720
402 316 543 412 360
682 315 1547 384 Pani-armeus

397 444 522 493 eum
558 457 717 510 quem
754 438 956 493 constet
1002 437 1383 506 imperaturum
1422 432 1609 499 fuiffe‚
1635 430 1825 489 etiamsi

398 524 514 566 non
552 513 862 582 adoptass‘eS.
910 513 1055 565 Fecit
1079 515 1183 564 hoc
1219 513 1435 574 Nerva,
1466 511 1605 563 nihil
1646 510 1835 561 arbitra·

396 596 484 641 tus
524 586 795 642 interess'e.
839 586 1085 656 genueris
1130 602 1197 637 an
1237 550 1497 654 elegeri3‚
1535 584 1583 636 si
1633 583 1835 650 perinde

399 659 517 713 sine
550 661 749 726 judicio
781 662 1099 727 adoptentur
1134 658 1288 710 liberi
1319 674 1376 709 ac
1400 657 1719 709 nascuntur:
1743 655 1834 709 nisi

396 743 578 787 tamen
634 731 777 803 quod
819 749 1057 802 aequiore
1106 734 1289 783 animo
1331 730 1509 784 ferunt
1559 732 1834 793 homines,

398 820 558 875 quem
600 806 853 874 Princeps
897 822 1096 882 parum
1125 805 1352 859 feliciter
1404 803 1593 874 genuit
1618 840 1637 868 ‚
1694 819 1834 872 quam

398 890 559 949 quem
598 879 735 932 male
772 883 950 949 elegit.

411 963 418 969 ·
471 954 624 1006 VIII.
670 952 863 1005 Sedulo
912 969 1042 1023 ergo
1079 951 1280 1004 vitavit
1315 951 1457 1002 hunc
1498 949 1717 1010 casum,
1752 962 1833 1002 nec

392 1022 652 1093 judicium
685 1027 1002 1087 hominum,
1055 1026 1144 1079 sed
1173 1029 1395 1078 deorum
1428 1024 1594 1077 etiam
1635 1025 1692 1074 in
1727 1039 1834 1075 con·

395 1099 578 1151 silium
612 1099 903 1168 assumpsit.
950 1101 1137 1168 ltaque
1175 1115 1288 1150 non
1326 1113 1414 1150 tua
1451 1097 1510 1148 in
1548 1096 1792 1148 cubiculo
1818 1134 1833 1160 ‚

392 1172 483 1224 sed
520 1174 576 1224 in
611 1177 851 1240 templo,
891 1189 990 1224 nec
1027 1188 1150 1224 ante
1187 1171 1448 1242 genialem
1497 1185 1683 1223 torum
1709 1210 1723 1233 ‚
1760 1171 1833 1223 sed

393 1260 514 1298 ante
552 1248 802 1316 pulvinar
829 1248 857 1301 J
865 1247 987 1298 ovis
1007 1246 1204 1316 optimi
1228 1245 1447 1296 maximi
1481 1245 1709 1311 adoptio
1733 1260 1833 1311 per·

392 1318 506 1370 aaa
539 1319 652 1379 est;
692 1321 794 1389 qua
842 1322 1054 1372 tandem
1093 1337 1207 1371 non
1241 1320 1468 1375 servitus
1507 1318 1722 1379 nostra,
1760 1318 1831 1371 sed

392 1392 606 1445 libertas
650 1394 703 1445 δε
758 1395 893 1446 salus
940 1394 994 1445 δι
1047 1391 1294 1446 securitas
1339 1391 1674 1445 fundabatur.
1733 1390 1830 1442 Sibi

392 1465 540 1517 enim
583 1466 997 1519 vindicaverunt
1033 1466 1107 1519 dii
1145 1465 1368 1537 gloriam
1418 1464 1610 1517 illam:
1649 1464 1829 1516 horum

393 1552 530 1607 opus
554 1580 567 1603 ,
604 1542 796 1592 horum
851 1541 983 1592 illud
1034 1540 1318 1609 imperium
1354 1557 1368 1590 ε
1410 1539 1593 1590 Nerva
1635 1538 1829 1590 tantum

392 1612 630 1665 minister
666 1614 805 1667 fuit:
847 1614 1035 1682 utique
1073 1613 1166 1682 qui
1191 1614 1465 1680 adoptaret
1487 1626 1599 1663 tam
1623 1614 1828 1678 paruit.

390 1686 551 1755 quam
589 1703 646 1738 tu
683 1688 777 1756 qui
813 1687 1166 1755 adoptabat-is.
1220 1687 1392 1738 Allata
1440 1699 1554 1738 erat
1593 1701 1666 1737 ex
1708 1684 1830 1737 Pan·

388 1762 556 1812 nonia
588 1763 762 1813 laurea
786 1801 800 1820 .
837 1761 891 1812 id
926 1761 1202 1831 agentibus
1239 1760 1340 1812 diis
1363 1799 1378 1823 ‚
1420 1775 1481 1812 ut
1509 1757 1712 1811 invicti
1740 1760 1829 1811 im·

385 1836 648 1901 perator-is
689 1849 939 1888 exortum
978 1834 1221 1887 vistoriae
1262 1833 1472 1902 insigne
1515 1834 1828 1886 decoraret:

384 1908 521 1960 hanc
575 1909 863 1976 imperator
906 1911 1088 1961 Nerva
1125 1908 1183 1960 in
1219 1910 1426 1979 gremio
1459 1907 1623 1960 Jovis
1662 1910 1827 1960 collo-

382 1996 525 2033 carat
549 2022 563 2045 ‚
597 1999 759 2051 quum
790 1981 1009 2051 repente
1036 1980 1200 2035 solito
1236 1981 1408 2047 major
1438 1981 1491 2033 δε
1525 1980 1825 2050 augustior,

382 2057 640 2108 advocata
691 2057 972 2110 hominum
1032 2055 1294 2109 concione
1342 2057 1678 2124 deorumque
1717 2096 1733 2118 ,
1779 2070 1824 2107 te

381 2126 555 2181 filium
600 2130 701 2182 sibi
739 2171 753 2194 ‚
794 2133 901 2184 hoc
950 2129 1063 2195 est,
1099 2129 1318 2182 unicum
1363 2128 1627 2181 auxilium
1679 2127 1822 2182 fessis

380 2204 574 2266 rebus,
609 2203 901 2273 assumpsit.
945 2205 1074 2257 Inde
1100 2204 1249 2273 quasi
1272 2203 1520 2271 deposito
1553 2202 1786 2270 imperio
1807 2241 1821 2266 ‚

380 2275 483 2342 qua
517 2277 832 2342 securitate,
875 2296 993 2348 qua
1011 2277 1184 2348 gloria
1214 2279 1408 2346 laetus(
1440 2293 1565 2327 nam
1597 2291 1821 2344 quantu·

376 2350 490 2400 lum
523 2346 683 2402 refert
713 2354 946 2420 deponas
986 2370 1054 2404 an
1087 2350 1330 2421 partiaris
1356 2349 1692 2418 imperium,
1723 2348 1823 2402 nisi

378 2421 523 2490 quod
556 2421 820 2477 difficilius
855 2428 959 2479 hoc
987 2425 1092 2478 est.
1081 2428 1100 2465 >
1124 2426 1146 2493 )
1177 2442 1290 2477 non
1312 2425 1460 2477 secus
1485 2440 1546 2475 ac
1577 2421 1820 2493 praesenti

377 2496 479 2548 tibi
515 2497 763 2562 innixuS,
790 2500 896 2551 tuis
919 2498 1155 2551 humeris
1186 2499 1238 2550 se
1260 2497 1593 2566 patriamque
1624 2496 1819 2549 susten-

377 2584 532 2635 tans,
564 2572 652 2622 tua
689 2570 949 2634 juventa,
987 2587 1082 2624 tuo
1108 2573 1301 2624 robore
1332 2571 1609 2624 invaluit:
1653 2569 1819 2623 statim

378 2644 620 2695 consedit
653 2645 833 2698 omnis
864 2649 1142 2699 tumultus,
1183 2647 1310 2698 Non
1344 2644 1660 2713 adoptionis
1686 2661 1816 2732 opus

376 2712 510 2768 istud
548 2718 685 2782 fuit,
729 2719 817 2771 sed
846 2720 1117 2787 adoptati:
1145 2734 1303 2789 atque
1336 2721 1493 2771 adeo
1500 2717 1711 2771 temere
1743 2718 1814 2769 fe-

375 2797 518 2843 c'erat
535 2793 745 2857 Nerva,
766 2793 1120 2861 siadoptaffet
1137 2794 1318 2846 aliurn.
1341 2791 1585 2845 Oblitine
1606 2793 1815 2852 summ,

373 2870 433 2915 ut
464 2882 633 2933 nuper
662 2866 778 2933 post
809 2867 1153 2934 adoptionem
1187 2883 1300 2919 non
1340 2865 1559 2918 desierit
1587 2865 1780 2918 seditio
1799 2902 1815 2926 ,

374 2937 465 2991 sed
503 2937 731 3010 coeperit
770 2943 798 2996 ἔ
842 2941 1238 2996 Irritamentum
1287 2939 1419 2994 istud
1462 2940 1665 2993 irarum
1700 2938 1817 3066 ,f&

1749 3025 1817 3064 ax
