<?xml version="1.0" encoding="UTF-8"?>
<!DOCTYPE html PUBLIC "-//W3C//DTD XHTML 1.0 Transitional//EN"
    "http://www.w3.org/TR/xhtml1/DTD/xhtml1-transitional.dtd">
<html xmlns="http://www.w3.org/1999/xhtml" xml:lang="en" lang="en">
 <head>
  <title>
</title>
<meta http-equiv="Content-Type" content="text/html;charset=utf-8" />
  <meta name='ocr-system' content='tesseract 3.04.00' />
  <meta name='ocr-capabilities' content='ocr_page ocr_carea ocr_par ocr_line ocrx_word'/>
</head>
<body>
  <div class='ocr_page' id='page_1' title='image "./panegyricus00lallgoog_0133.png"; bbox 0 0 1951 3720; ppageno 0'>
   <div class='ocr_carea' id='block_1_1' title="bbox 319 358 1589 535">
    <p class='ocr_par' dir='ltr' id='par_1_1' title="bbox 319 358 1589 535">
     <span class='ocr_line' id='line_1_1' title="bbox 376 358 1589 432; baseline 0.003 -8"><span class='ocrx_word' id='word_1_1' title='bbox 376 358 1354 430; x_wconf 78' lang='lat' dir='ltr'>EPISToLAE.Lib.1V.</span> <span class='ocrx_word' id='word_1_2' title='bbox 1463 379 1589 432; x_wconf 80' lang='lat'>101</span> 
     </span>
     <span class='ocr_line' id='line_1_2' title="bbox 319 476 1415 535; baseline 0.004 -6"><span class='ocrx_word' id='word_1_3' title='bbox 319 476 431 530; x_wconf 83' lang='lat' dir='ltr'>lv.</span> <span class='ocrx_word' id='word_1_4' title='bbox 470 477 802 531; x_wconf 72' lang='lat' dir='ltr'>PLnuus</span> <span class='ocrx_word' id='word_1_5' title='bbox 843 481 1129 532; x_wconf 65' lang='lat' dir='ltr'>Sosuo</span> <span class='ocrx_word' id='word_1_6' title='bbox 1172 493 1318 532; x_wconf 75' lang='lat' dir='ltr'>svo</span> <span class='ocrx_word' id='word_1_7' title='bbox 1360 481 1415 535; x_wconf 88' lang='lat' dir='ltr'>S.</span> 
     </span>
    </p>
   </div>
   <div class='ocr_carea' id='block_1_2' title="bbox 262 596 1487 670">
    <p class='ocr_par' dir='ltr' id='par_1_2' title="bbox 262 596 1487 670">
     <span class='ocr_line' id='line_1_3' title="bbox 262 596 1487 670; baseline 0.005 -21"><span class='ocrx_word' id='word_1_8' title='bbox 262 596 570 652; x_wconf 80' lang='lat' dir='ltr'><em>Tribunatum</em></span> <span class='ocrx_word' id='word_1_9' title='bbox 583 599 847 668; x_wconf 80' lang='lat' dir='ltr'>semestrem</span> <span class='ocrx_word' id='word_1_10' title='bbox 875 602 1088 653; x_wconf 73' lang='lat' dir='ltr'>Calvisio</span> <span class='ocrx_word' id='word_1_11' title='bbox 1119 602 1309 670; x_wconf 78' lang='lat' dir='ltr'><em>Nepoti</em></span> <span class='ocrx_word' id='word_1_12' title='bbox 1338 601 1487 670; x_wconf 69' lang='lat' dir='ltr'>petit.</span> 
     </span>
    </p>
   </div>
   <div class='ocr_carea' id='block_1_3' title="bbox 143 729 1597 1573">
    <p class='ocr_par' dir='ltr' id='par_1_3' title="bbox 143 729 1597 1573">
     <span class='ocr_line' id='line_1_4' title="bbox 161 729 1596 842; baseline 0 -18"><span class='ocrx_word' id='word_1_13' title='bbox 161 729 240 824; x_wconf 82' lang='lat' dir='ltr'>C</span> <span class='ocrx_word' id='word_1_14' title='bbox 258 783 297 821; x_wconf 78' lang='lat' dir='ltr'>A</span> <span class='ocrx_word' id='word_1_15' title='bbox 314 785 344 821; x_wconf 89' lang='lat'>1.</span> <span class='ocrx_word' id='word_1_16' title='bbox 362 783 402 820; x_wconf 80' lang='lat' dir='ltr'>v</span> <span class='ocrx_word' id='word_1_17' title='bbox 422 784 446 821; x_wconf 94' lang='lat'>1</span> <span class='ocrx_word' id='word_1_18' title='bbox 464 783 491 821; x_wconf 87' lang='lat' dir='ltr'>s</span> <span class='ocrx_word' id='word_1_19' title='bbox 510 784 533 821; x_wconf 91' lang='lat'>1</span> <span class='ocrx_word' id='word_1_20' title='bbox 552 783 595 821; x_wconf 83' lang='lat' dir='ltr'>U</span> <span class='ocrx_word' id='word_1_21' title='bbox 611 783 666 820; x_wconf 83' lang='grc' dir='ltr'><strong>Μ</strong></span> <span class='ocrx_word' id='word_1_22' title='bbox 703 771 975 838; x_wconf 86' lang='lat' dir='ltr'>Nepotem</span> <span class='ocrx_word' id='word_1_23' title='bbox 1008 769 1344 824; x_wconf 70' lang='lat' dir='ltr'>validissime</span> <span class='ocrx_word' id='word_1_24' title='bbox 1381 771 1552 842; x_wconf 86' lang='lat' dir='ltr'>diligo</span> <span class='ocrx_word' id='word_1_25' title='bbox 1578 811 1596 837; x_wconf 87' lang='lat'>,</span> 
     </span>
     <span class='ocr_line' id='line_1_5' title="bbox 152 843 1597 914; baseline 0.003 -20"><span class='ocrx_word' id='word_1_26' title='bbox 152 843 322 896; x_wconf 83' lang='lat' dir='ltr'>virum</span> <span class='ocrx_word' id='word_1_27' title='bbox 337 843 653 894; x_wconf 85' lang='lat' dir='ltr'>industrium</span> <span class='ocrx_word' id='word_1_28' title='bbox 670 882 684 907; x_wconf 90' lang='lat'><strong>‚</strong></span> <span class='ocrx_word' id='word_1_29' title='bbox 714 844 914 895; x_wconf 79' lang='lat' dir='ltr'>rectum</span> <span class='ocrx_word' id='word_1_30' title='bbox 936 883 950 907; x_wconf 86' lang='lat'>‚</span> <span class='ocrx_word' id='word_1_31' title='bbox 978 844 1229 896; x_wconf 84' lang='lat' dir='ltr'>disertum</span> <span class='ocrx_word' id='word_1_32' title='bbox 1251 883 1266 907; x_wconf 89' lang='lat'>,</span> <span class='ocrx_word' id='word_1_33' title='bbox 1289 848 1436 912; x_wconf 88' lang='lat' dir='ltr'>quod</span> <span class='ocrx_word' id='word_1_34' title='bbox 1458 847 1597 914; x_wconf 87' lang='lat' dir='ltr'>apud</span> 
     </span>
     <span class='ocr_line' id='line_1_6' title="bbox 154 915 1594 984; baseline 0.003 -18"><span class='ocrx_word' id='word_1_35' title='bbox 154 933 230 968; x_wconf 89' lang='lat' dir='ltr'>me</span> <span class='ocrx_word' id='word_1_36' title='bbox 277 918 365 968; x_wconf 84' lang='lat' dir='ltr'>vel</span> <span class='ocrx_word' id='word_1_37' title='bbox 409 916 759 984; x_wconf 86' lang='lat' dir='ltr'>potissimum</span> <span class='ocrx_word' id='word_1_38' title='bbox 797 915 887 968; x_wconf 89' lang='lat' dir='ltr'>est.</span> <span class='ocrx_word' id='word_1_39' title='bbox 948 918 1094 969; x_wconf 88' lang='lat' dir='ltr'><strong>Idem</strong></span> <span class='ocrx_word' id='word_1_40' title='bbox 1145 919 1204 970; x_wconf 91' lang='lat' dir='ltr'>C.</span> <span class='ocrx_word' id='word_1_41' title='bbox 1249 919 1550 971; x_wconf 87' lang='lat' dir='ltr'>Calvisium</span> <span class='ocrx_word' id='word_1_42' title='bbox 1576 958 1594 983; x_wconf 86' lang='lat'>‚</span> 
     </span>
     <span class='ocr_line' id='line_1_7' title="bbox 152 989 1595 1060; baseline 0.002 -19"><span class='ocrx_word' id='word_1_43' title='bbox 152 990 577 1041; x_wconf 84' lang='lat' dir='ltr'>contubernalem</span> <span class='ocrx_word' id='word_1_44' title='bbox 601 1006 780 1041; x_wconf 87' lang='lat' dir='ltr'>meum</span> <span class='ocrx_word' id='word_1_45' title='bbox 796 1030 810 1052; x_wconf 87' lang='lat'>,</span> <span class='ocrx_word' id='word_1_46' title='bbox 834 989 1063 1041; x_wconf 86' lang='lat' dir='ltr'>amicum</span> <span class='ocrx_word' id='word_1_47' title='bbox 1089 1005 1237 1042; x_wconf 88' lang='lat' dir='ltr'><strong>tuum</strong></span> <span class='ocrx_word' id='word_1_48' title='bbox 1260 1031 1275 1053; x_wconf 84' lang='lat'><strong>‚</strong></span> <span class='ocrx_word' id='word_1_49' title='bbox 1300 992 1438 1044; x_wconf 59' lang='lat' dir='ltr'>arcia</span> <span class='ocrx_word' id='word_1_50' title='bbox 1463 1010 1595 1060; x_wconf 88' lang='lat' dir='ltr'>pro-</span> 
     </span>
     <span class='ocr_line' id='line_1_8' title="bbox 149 1061 1594 1131; baseline 0.003 -18"><span class='ocrx_word' id='word_1_51' title='bbox 149 1062 441 1131; x_wconf 86' lang='lat' dir='ltr'>pinquitate</span> <span class='ocrx_word' id='word_1_52' title='bbox 474 1061 849 1129; x_wconf 72' lang='lat' dir='ltr'>compleftitur</span> <span class='ocrx_word' id='word_1_53' title='bbox 878 1082 891 1113; x_wconf 90' lang='lat'><strong>:</strong></span> <span class='ocrx_word' id='word_1_54' title='bbox 930 1062 1003 1115; x_wconf 88' lang='lat' dir='ltr'>est</span> <span class='ocrx_word' id='word_1_55' title='bbox 1027 1064 1171 1115; x_wconf 87' lang='lat' dir='ltr'>enim</span> <span class='ocrx_word' id='word_1_56' title='bbox 1207 1063 1347 1115; x_wconf 84' lang='lat' dir='ltr'>filius</span> <span class='ocrx_word' id='word_1_57' title='bbox 1369 1064 1594 1119; x_wconf 73' lang='lat' dir='ltr'>sororis,</span> 
     </span>
     <span class='ocr_line' id='line_1_9' title="bbox 150 1135 1596 1205; baseline 0.001 -18"><span class='ocrx_word' id='word_1_58' title='bbox 150 1136 298 1188; x_wconf 84' lang='lat' dir='ltr'>Hunc</span> <span class='ocrx_word' id='word_1_59' title='bbox 329 1153 471 1204; x_wconf 81' lang='lat' dir='ltr'>rogo</span> <span class='ocrx_word' id='word_1_60' title='bbox 511 1135 760 1188; x_wconf 72' lang='lat' dir='ltr'>semestri</span> <span class='ocrx_word' id='word_1_61' title='bbox 781 1138 1049 1188; x_wconf 80' lang='lat' dir='ltr'>tribunatu</span> <span class='ocrx_word' id='word_1_62' title='bbox 1091 1138 1498 1205; x_wconf 84' lang='lat' dir='ltr'>splendidiorem</span> <span class='ocrx_word' id='word_1_63' title='bbox 1540 1140 1596 1189; x_wconf 76' lang='grc' dir='ltr'>δι</span> 
     </span>
     <span class='ocr_line' id='line_1_10' title="bbox 149 1208 1597 1278; baseline 0.001 -18"><span class='ocrx_word' id='word_1_64' title='bbox 149 1208 241 1261; x_wconf 79' lang='lat' dir='ltr'>sibi</span> <span class='ocrx_word' id='word_1_65' title='bbox 273 1211 326 1261; x_wconf 84' lang='lat'>&amp;</span> <span class='ocrx_word' id='word_1_66' title='bbox 359 1212 630 1261; x_wconf 86' lang='lat' dir='ltr'>avunculo</span> <span class='ocrx_word' id='word_1_67' title='bbox 660 1209 756 1260; x_wconf 87' lang='lat' dir='ltr'>suo</span> <span class='ocrx_word' id='word_1_68' title='bbox 788 1209 964 1262; x_wconf 75' lang='lat' dir='ltr'>faciaS.</span> <span class='ocrx_word' id='word_1_69' title='bbox 1004 1209 1279 1278; x_wconf 84' lang='lat' dir='ltr'>Obligabis</span> <span class='ocrx_word' id='word_1_70' title='bbox 1300 1228 1384 1262; x_wconf 89' lang='lat' dir='ltr'>me</span> <span class='ocrx_word' id='word_1_71' title='bbox 1406 1250 1422 1274; x_wconf 85' lang='lat'>,</span> <span class='ocrx_word' id='word_1_72' title='bbox 1461 1211 1597 1263; x_wconf 89' lang='lat' dir='ltr'>obli-</span> 
     </span>
     <span class='ocr_line' id='line_1_11' title="bbox 146 1282 1595 1352; baseline 0.001 -18"><span class='ocrx_word' id='word_1_73' title='bbox 146 1283 285 1352; x_wconf 82' lang='lat' dir='ltr'>gabis</span> <span class='ocrx_word' id='word_1_74' title='bbox 321 1282 623 1335; x_wconf 86' lang='lat' dir='ltr'>Calvisium</span> <span class='ocrx_word' id='word_1_75' title='bbox 643 1282 878 1334; x_wconf 85' lang='lat' dir='ltr'>nostrum</span> <span class='ocrx_word' id='word_1_76' title='bbox 901 1322 915 1346; x_wconf 91' lang='lat'>,</span> <span class='ocrx_word' id='word_1_77' title='bbox 948 1283 1210 1352; x_wconf 78' lang='lat' dir='ltr'>obligabis</span> <span class='ocrx_word' id='word_1_78' title='bbox 1240 1283 1415 1351; x_wconf 88' lang='lat' dir='ltr'>ipsum</span> <span class='ocrx_word' id='word_1_79' title='bbox 1437 1323 1452 1346; x_wconf 95' lang='lat'>,</span> <span class='ocrx_word' id='word_1_80' title='bbox 1479 1301 1595 1336; x_wconf 82' lang='lat' dir='ltr'>non</span> 
     </span>
     <span class='ocr_line' id='line_1_12' title="bbox 145 1356 1593 1425; baseline 0.002 -18"><span class='ocrx_word' id='word_1_81' title='bbox 145 1356 316 1408; x_wconf 59' lang='lat' dir='ltr'>mimis</span> <span class='ocrx_word' id='word_1_82' title='bbox 359 1357 617 1408; x_wconf 84' lang='lat' dir='ltr'>idoneum</span> <span class='ocrx_word' id='word_1_83' title='bbox 658 1356 955 1408; x_wconf 87' lang='lat' dir='ltr'>debitorem</span> <span class='ocrx_word' id='word_1_84' title='bbox 995 1396 1011 1420; x_wconf 83' lang='grc'><em>,</em></span> <span class='ocrx_word' id='word_1_85' title='bbox 1066 1356 1224 1425; x_wconf 74' lang='lat' dir='ltr'>quam</span> <span class='ocrx_word' id='word_1_86' title='bbox 1272 1373 1372 1408; x_wconf 88' lang='lat' dir='ltr'>nos</span> <span class='ocrx_word' id='word_1_87' title='bbox 1415 1371 1593 1424; x_wconf 81' lang='lat' dir='ltr'>putas.</span> 
     </span>
     <span class='ocr_line' id='line_1_13' title="bbox 143 1428 1592 1482; baseline 0.001 -2"><span class='ocrx_word' id='word_1_88' title='bbox 143 1428 312 1481; x_wconf 87' lang='lat' dir='ltr'>Multa</span> <span class='ocrx_word' id='word_1_89' title='bbox 341 1428 606 1482; x_wconf 86' lang='lat' dir='ltr'>beneficia</span> <span class='ocrx_word' id='word_1_90' title='bbox 630 1429 685 1480; x_wconf 86' lang='lat' dir='ltr'>in</span> <span class='ocrx_word' id='word_1_91' title='bbox 706 1432 905 1482; x_wconf 89' lang='lat' dir='ltr'>multos</span> <span class='ocrx_word' id='word_1_92' title='bbox 927 1429 1195 1482; x_wconf 86' lang='lat' dir='ltr'>contulisti</span> <span class='ocrx_word' id='word_1_93' title='bbox 1218 1450 1230 1482; x_wconf 90' lang='lat'><strong>:</strong></span> <span class='ocrx_word' id='word_1_94' title='bbox 1253 1429 1424 1482; x_wconf 83' lang='lat' dir='ltr'>ausim</span> <span class='ocrx_word' id='word_1_95' title='bbox 1456 1447 1592 1482; x_wconf 86' lang='lat' dir='ltr'>con·</span> 
     </span>
     <span class='ocr_line' id='line_1_14' title="bbox 144 1501 1591 1573; baseline 0.003 -21"><span class='ocrx_word' id='word_1_96' title='bbox 144 1504 352 1555; x_wconf 85' lang='lat' dir='ltr'>tendere</span> <span class='ocrx_word' id='word_1_97' title='bbox 371 1541 389 1567; x_wconf 90' lang='lat'>,</span> <span class='ocrx_word' id='word_1_98' title='bbox 412 1505 620 1554; x_wconf 88' lang='lat' dir='ltr'>nullum</span> <span class='ocrx_word' id='word_1_99' title='bbox 639 1518 690 1554; x_wconf 91' lang='lat' dir='ltr'>te</span> <span class='ocrx_word' id='word_1_100' title='bbox 718 1502 909 1557; x_wconf 65' lang='lat' dir='ltr'>melitis</span> <span class='ocrx_word' id='word_1_101' title='bbox 926 1543 942 1567; x_wconf 84' lang='lat'>‚</span> <span class='ocrx_word' id='word_1_102' title='bbox 970 1501 1122 1573; x_wconf 80' lang='lat' dir='ltr'>aequ‘e</span> <span class='ocrx_word' id='word_1_103' title='bbox 1143 1504 1279 1556; x_wconf 88' lang='lat' dir='ltr'>bene</span> <span class='ocrx_word' id='word_1_104' title='bbox 1299 1503 1402 1556; x_wconf 85' lang='lat' dir='ltr'>vix</span> <span class='ocrx_word' id='word_1_105' title='bbox 1420 1520 1591 1556; x_wconf 83' lang='lat' dir='ltr'>unum</span> 
     </span>
    </p>
   </div>
   <div class='ocr_carea' id='block_1_4' title="bbox 142 1574 990 1632">
    <p class='ocr_par' dir='ltr' id='par_1_4' title="bbox 142 1574 990 1632">
     <span class='ocr_line' id='line_1_15' title="bbox 142 1574 990 1632; baseline 0.007 -6"><span class='ocrx_word' id='word_1_106' title='bbox 142 1589 229 1627; x_wconf 85' lang='lat' dir='ltr'>aut</span> <span class='ocrx_word' id='word_1_107' title='bbox 245 1578 473 1630; x_wconf 83' lang='lat' dir='ltr'>alterum</span> <span class='ocrx_word' id='word_1_108' title='bbox 493 1574 792 1631; x_wconf 79' lang='lat' dir='ltr'>collocafl‘e.</span> <span class='ocrx_word' id='word_1_109' title='bbox 832 1578 990 1632; x_wconf 87' lang='lat' dir='ltr'>Vale.</span> 
     </span>
    </p>
   </div>
   <div class='ocr_carea' id='block_1_5' title="bbox 330 1697 1413 1774">
    <p class='ocr_par' dir='ltr' id='par_1_5' title="bbox 330 1697 1413 1774">
     <span class='ocr_line' id='line_1_16' title="bbox 330 1697 1413 1774; baseline -0.002 -21"><span class='ocrx_word' id='word_1_110' title='bbox 330 1698 407 1753; x_wconf 87' lang='lat' dir='ltr'>V.</span> <span class='ocrx_word' id='word_1_111' title='bbox 446 1697 780 1750; x_wconf 70' lang='grc' dir='ltr'>Ριιιιιυε</span> <span class='ocrx_word' id='word_1_112' title='bbox 821 1699 1123 1774; x_wconf 69' lang='lat' dir='ltr'>SPARso</span> <span class='ocrx_word' id='word_1_113' title='bbox 1167 1711 1315 1751; x_wconf 75' lang='lat' dir='ltr'>svo</span> <span class='ocrx_word' id='word_1_114' title='bbox 1356 1699 1413 1751; x_wconf 91' lang='lat' dir='ltr'>S.</span> 
     </span>
    </p>
   </div>
   <div class='ocr_carea' id='block_1_6' title="bbox 141 1819 1595 1988">
    <p class='ocr_par' dir='ltr' id='par_1_6' title="bbox 141 1819 1595 1988">
     <span class='ocr_line' id='line_1_17' title="bbox 141 1819 1595 1897; baseline -0.002 -21"><span class='ocrx_word' id='word_1_115' title='bbox 141 1819 404 1897; x_wconf 71' lang='lat' dir='ltr'>legendam</span> <span class='ocrx_word' id='word_1_116' title='bbox 436 1822 587 1872; x_wconf 75' lang='lat' dir='ltr'>mittit</span> <span class='ocrx_word' id='word_1_117' title='bbox 616 1819 878 1872; x_wconf 77' lang='lat' dir='ltr'>orationem</span> <span class='ocrx_word' id='word_1_118' title='bbox 896 1853 911 1882; x_wconf 86' lang='lat'>,</span> <span class='ocrx_word' id='word_1_119' title='bbox 942 1820 1070 1889; x_wconf 73' lang='lat' dir='ltr'>cnjus</span> <span class='ocrx_word' id='word_1_120' title='bbox 1087 1821 1414 1872; x_wconf 79' lang='lat' dir='ltr'>recitationem</span> <span class='ocrx_word' id='word_1_121' title='bbox 1444 1838 1595 1891; x_wconf 78' lang='lat' dir='ltr'>nuper</span> 
     </span>
     <span class='ocr_line' id='line_1_18' title="bbox 243 1916 1475 1988; baseline -0.002 -17"><span class='ocrx_word' id='word_1_122' title='bbox 243 1921 373 1974; x_wconf 65' lang='lat' dir='ltr'>doeh·</span> <span class='ocrx_word' id='word_1_123' title='bbox 408 1918 616 1970; x_wconf 78' lang='lat' dir='ltr'>homines</span> <span class='ocrx_word' id='word_1_124' title='bbox 647 1937 739 1987; x_wconf 81' lang='lat' dir='ltr'>pet</span> <span class='ocrx_word' id='word_1_125' title='bbox 768 1917 954 1968; x_wconf 79' lang='lat' dir='ltr'>biduum</span> <span class='ocrx_word' id='word_1_126' title='bbox 984 1916 1181 1988; x_wconf 64' lang='lat' dir='ltr'>benign&amp;</span> <span class='ocrx_word' id='word_1_127' title='bbox 1208 1919 1475 1969; x_wconf 80' lang='lat' dir='ltr'>audierant.</span> 
     </span>
    </p>
   </div>
   <div class='ocr_carea' id='block_1_7' title="bbox 129 2050 1586 2964">
    <p class='ocr_par' dir='ltr' id='par_1_7' title="bbox 129 2050 1586 2964">
     <span class='ocr_line' id='line_1_19' title="bbox 137 2050 1584 2161; baseline -0.002 -13.988"><span class='ocrx_word' id='word_1_128' title='bbox 137 2050 290 2147; x_wconf 58' lang='grc' dir='ltr'>[Ε</span> <span class='ocrx_word' id='word_1_129' title='bbox 269 2105 296 2143; x_wconf 85' lang='lat' dir='ltr'>s</span> <span class='ocrx_word' id='word_1_130' title='bbox 314 2105 349 2143; x_wconf 91' lang='lat' dir='ltr'>c</span> <span class='ocrx_word' id='word_1_131' title='bbox 368 2105 409 2143; x_wconf 75' lang='lat' dir='ltr'><strong>n</strong></span> <span class='ocrx_word' id='word_1_132' title='bbox 429 2103 452 2142; x_wconf 92' lang='lat'>1</span> <span class='ocrx_word' id='word_1_133' title='bbox 471 2105 511 2142; x_wconf 72' lang='grc' dir='ltr'><strong>Ν</strong></span> <span class='ocrx_word' id='word_1_134' title='bbox 527 2105 563 2142; x_wconf 73' lang='grc' dir='ltr'>ιι</span> <span class='ocrx_word' id='word_1_135' title='bbox 578 2103 632 2140; x_wconf 82' lang='grc' dir='ltr'><strong>Μ</strong></span> <span class='ocrx_word' id='word_1_136' title='bbox 656 2089 805 2143; x_wconf 87' lang='lat' dir='ltr'>aiunt</span> <span class='ocrx_word' id='word_1_137' title='bbox 826 2088 1132 2157; x_wconf 80' lang='lat' dir='ltr'>petentibus</span> <span class='ocrx_word' id='word_1_138' title='bbox 1151 2089 1379 2145; x_wconf 87' lang='lat' dir='ltr'>Rhodiis</span> <span class='ocrx_word' id='word_1_139' title='bbox 1401 2089 1584 2161; x_wconf 82' lang='lat' dir='ltr'>Iegiffe</span> 
     </span>
     <span class='ocr_line' id='line_1_20' title="bbox 140 2159 1586 2228; baseline 0.003 -15"><span class='ocrx_word' id='word_1_140' title='bbox 140 2164 444 2216; x_wconf 85' lang='lat' dir='ltr'>orationem</span> <span class='ocrx_word' id='word_1_141' title='bbox 474 2163 657 2226; x_wconf 86' lang='lat' dir='ltr'>suam,</span> <span class='ocrx_word' id='word_1_142' title='bbox 692 2163 879 2215; x_wconf 88' lang='lat' dir='ltr'>deinde</span> <span class='ocrx_word' id='word_1_143' title='bbox 913 2163 1330 2228; x_wconf 83' lang='lat' dir='ltr'>Demosthenis,</span> <span class='ocrx_word' id='word_1_144' title='bbox 1363 2159 1586 2218; x_wconf 81' lang='lat' dir='ltr'>summis</span> 
     </span>
     <span class='ocr_line' id='line_1_21' title="bbox 138 2236 1584 2306; baseline 0.003 -20"><span class='ocrx_word' id='word_1_145' title='bbox 138 2250 414 2306; x_wconf 85' lang='lat' dir='ltr'>utramque</span> <span class='ocrx_word' id='word_1_146' title='bbox 458 2236 798 2289; x_wconf 87' lang='lat' dir='ltr'>clamoribus.</span> <span class='ocrx_word' id='word_1_147' title='bbox 839 2237 1002 2302; x_wconf 86' lang='lat' dir='ltr'>Quod</span> <span class='ocrx_word' id='word_1_148' title='bbox 1030 2251 1300 2297; x_wconf 81' lang='lat' dir='ltr'>tantorum</span> <span class='ocrx_word' id='word_1_149' title='bbox 1337 2237 1584 2290; x_wconf 86' lang='lat' dir='ltr'>virorum</span> 
     </span>
     <span class='ocr_line' id='line_1_22' title="bbox 136 2308 1586 2380; baseline 0.002 -20"><span class='ocrx_word' id='word_1_150' title='bbox 136 2308 414 2380; x_wconf 78' lang='lat' dir='ltr'>contigifl‘e</span> <span class='ocrx_word' id='word_1_151' title='bbox 452 2309 661 2377; x_wconf 87' lang='lat' dir='ltr'>scriptis</span> <span class='ocrx_word' id='word_1_152' title='bbox 698 2326 810 2361; x_wconf 89' lang='lat' dir='ltr'>non</span> <span class='ocrx_word' id='word_1_153' title='bbox 835 2310 1004 2361; x_wconf 86' lang='lat' dir='ltr'>miror</span> <span class='ocrx_word' id='word_1_154' title='bbox 1027 2348 1042 2371; x_wconf 86' lang='lat'>‚</span> <span class='ocrx_word' id='word_1_155' title='bbox 1083 2326 1245 2377; x_wconf 88' lang='lat' dir='ltr'>quum</span> <span class='ocrx_word' id='word_1_156' title='bbox 1281 2311 1586 2370; x_wconf 81' lang='lat' dir='ltr'>orationem</span> 
     </span>
     <span class='ocr_line' id='line_1_23' title="bbox 135 2380 1582 2451; baseline 0.003 -19"><span class='ocrx_word' id='word_1_157' title='bbox 135 2383 305 2435; x_wconf 79' lang='lat' dir='ltr'>ineam</span> <span class='ocrx_word' id='word_1_158' title='bbox 346 2382 601 2451; x_wconf 70' lang='lat' dir='ltr'>proxime</span> <span class='ocrx_word' id='word_1_159' title='bbox 625 2380 926 2435; x_wconf 72' lang='lat' dir='ltr'>doffissimi</span> <span class='ocrx_word' id='word_1_160' title='bbox 954 2383 1203 2435; x_wconf 87' lang='lat' dir='ltr'>homines</span> <span class='ocrx_word' id='word_1_161' title='bbox 1229 2380 1335 2435; x_wconf 85' lang='lat' dir='ltr'>h&#39;oc</span> <span class='ocrx_word' id='word_1_162' title='bbox 1356 2383 1540 2436; x_wconf 82' lang='lat' dir='ltr'>:studio</span> <span class='ocrx_word' id='word_1_163' title='bbox 1563 2422 1582 2449; x_wconf 84' lang='lat'>‚</span> 
     </span>
     <span class='ocr_line' id='line_1_24' title="bbox 134 2454 1586 2524; baseline 0.003 -18"><span class='ocrx_word' id='word_1_164' title='bbox 134 2455 233 2508; x_wconf 82' lang='lat' dir='ltr'>hoc</span> <span class='ocrx_word' id='word_1_165' title='bbox 262 2454 474 2508; x_wconf 82' lang='lat' dir='ltr'>affensu</span> <span class='ocrx_word' id='word_1_166' title='bbox 493 2496 509 2519; x_wconf 79' lang='grc'>,</span> <span class='ocrx_word' id='word_1_167' title='bbox 539 2458 645 2507; x_wconf 84' lang='lat' dir='ltr'>hoc</span> <span class='ocrx_word' id='word_1_168' title='bbox 685 2456 849 2508; x_wconf 87' lang='lat' dir='ltr'>etiam</span> <span class='ocrx_word' id='word_1_169' title='bbox 885 2456 1066 2508; x_wconf 84' lang='lat' dir='ltr'>labore</span> <span class='ocrx_word' id='word_1_170' title='bbox 1105 2462 1200 2524; x_wconf 69' lang='lat' dir='ltr'>pei·</span> <span class='ocrx_word' id='word_1_171' title='bbox 1231 2456 1450 2508; x_wconf 85' lang='lat' dir='ltr'>biduum</span> <span class='ocrx_word' id='word_1_172' title='bbox 1487 2475 1586 2510; x_wconf 59' lang='lat' dir='ltr'>aua</span> 
     </span>
     <span class='ocr_line' id='line_1_25' title="bbox 132 2528 1586 2597; baseline 0.003 -18"><span class='ocrx_word' id='word_1_173' title='bbox 132 2528 363 2582; x_wconf 74' lang='lat' dir='ltr'>diei-int:</span> <span class='ocrx_word' id='word_1_174' title='bbox 390 2530 638 2597; x_wconf 82' lang='lat' dir='ltr'>quamvis</span> <span class='ocrx_word' id='word_1_175' title='bbox 661 2530 795 2581; x_wconf 87' lang='lat' dir='ltr'>hanc</span> <span class='ocrx_word' id='word_1_176' title='bbox 833 2528 1192 2580; x_wconf 84' lang='lat' dir='ltr'>intentionem</span> <span class='ocrx_word' id='word_1_177' title='bbox 1222 2545 1413 2582; x_wconf 73' lang='lat' dir='ltr'>eorum</span> <span class='ocrx_word' id='word_1_178' title='bbox 1438 2534 1586 2584; x_wconf 75' lang='lat' dir='ltr'>nulla</span> 
     </span>
     <span class='ocr_line' id='line_1_26' title="bbox 131 2601 1585 2670; baseline 0.003 -18"><span class='ocrx_word' id='word_1_179' title='bbox 131 2601 255 2654; x_wconf 87' lang='lat' dir='ltr'>hine</span> <span class='ocrx_word' id='word_1_180' title='bbox 298 2603 356 2654; x_wconf 76' lang='grc' dir='ltr'>δι</span> <span class='ocrx_word' id='word_1_181' title='bbox 392 2603 517 2654; x_wconf 86' lang='lat' dir='ltr'>inde</span> <span class='ocrx_word' id='word_1_182' title='bbox 557 2603 778 2654; x_wconf 86' lang='lat' dir='ltr'>collatio</span> <span class='ocrx_word' id='word_1_183' title='bbox 811 2642 827 2666; x_wconf 84' lang='lat'>,</span> <span class='ocrx_word' id='word_1_184' title='bbox 868 2605 1076 2654; x_wconf 83' lang='lat' dir='ltr'>nullum</span> <span class='ocrx_word' id='word_1_185' title='bbox 1116 2602 1275 2670; x_wconf 82' lang='lat' dir='ltr'>quasi-</span> <span class='ocrx_word' id='word_1_186' title='bbox 1315 2619 1585 2657; x_wconf 77' lang='lat' dir='ltr'>certamen</span> 
     </span>
     <span class='ocr_line' id='line_1_27' title="bbox 130 2674 1583 2743; baseline 0.003 -18"><span class='ocrx_word' id='word_1_187' title='bbox 130 2677 459 2728; x_wconf 84' lang='lat' dir='ltr'>accenderet.</span> <span class='ocrx_word' id='word_1_188' title='bbox 503 2676 640 2728; x_wconf 87' lang='lat' dir='ltr'>Nam</span> <span class='ocrx_word' id='word_1_189' title='bbox 676 2674 875 2728; x_wconf 82' lang='lat' dir='ltr'>Rhodii</span> <span class='ocrx_word' id='word_1_190' title='bbox 905 2692 1072 2743; x_wconf 87' lang='lat' dir='ltr'><strong>quum</strong></span> <span class='ocrx_word' id='word_1_191' title='bbox 1101 2675 1236 2743; x_wconf 85' lang='lat' dir='ltr'>ipsis</span> <span class='ocrx_word' id='word_1_192' title='bbox 1273 2676 1583 2729; x_wconf 83' lang='lat' dir='ltr'>orationum</span> 
     </span>
     <span class='ocr_line' id='line_1_28' title="bbox 129 2747 1583 2816; baseline -0.001 -17"><span class='ocrx_word' id='word_1_193' title='bbox 129 2747 453 2811; x_wconf 82' lang='lat' dir='ltr'>virtutibus,</span> <span class='ocrx_word' id='word_1_194' title='bbox 475 2763 592 2801; x_wconf 88' lang='lat' dir='ltr'>tum</span> <span class='ocrx_word' id='word_1_195' title='bbox 610 2748 772 2801; x_wconf 87' lang='lat' dir='ltr'>etiam</span> <span class='ocrx_word' id='word_1_196' title='bbox 790 2748 1210 2816; x_wconf 85' lang='lat' dir='ltr'>comparationis</span> <span class='ocrx_word' id='word_1_197' title='bbox 1222 2749 1417 2801; x_wconf 79' lang='lat' dir='ltr'>aculeis</span> <span class='ocrx_word' id='word_1_198' title='bbox 1431 2750 1583 2802; x_wconf 65' lang='lat' dir='ltr'>cxci-a</span> 
     </span>
     <span class='ocr_line' id='line_1_29' title="bbox 129 2820 1582 2892; baseline 0.002 -19"><span class='ocrx_word' id='word_1_199' title='bbox 129 2822 410 2875; x_wconf 83' lang='lat' dir='ltr'>tabantur:</span> <span class='ocrx_word' id='word_1_200' title='bbox 437 2820 614 2873; x_wconf 82' lang='lat' dir='ltr'>nostra</span> <span class='ocrx_word' id='word_1_201' title='bbox 651 2822 826 2873; x_wconf 88' lang='lat' dir='ltr'>oratio</span> <span class='ocrx_word' id='word_1_202' title='bbox 868 2823 985 2873; x_wconf 85' lang='lat' dir='ltr'>sine</span> <span class='ocrx_word' id='word_1_203' title='bbox 1023 2822 1378 2875; x_wconf 79' lang='lat' dir='ltr'>aemulat&#39;ionis</span> <span class='ocrx_word' id='word_1_204' title='bbox 1414 2823 1582 2892; x_wconf 83' lang='lat' dir='ltr'>gratia</span> 
     </span>
     <span class='ocr_line' id='line_1_30' title="bbox 129 2894 1580 2964; baseline 0.002 -20"><span class='ocrx_word' id='word_1_205' title='bbox 129 2896 466 2960; x_wconf 83' lang='lat' dir='ltr'>probabatur.</span> <span class='ocrx_word' id='word_1_206' title='bbox 528 2896 613 2946; x_wconf 89' lang='grc' dir='ltr'>Αιι</span> <span class='ocrx_word' id='word_1_207' title='bbox 650 2894 883 2958; x_wconf 79' lang='lat' dir='ltr'>merito,</span> <span class='ocrx_word' id='word_1_208' title='bbox 917 2895 1053 2948; x_wconf 87' lang='lat' dir='ltr'>scies</span> <span class='ocrx_word' id='word_1_209' title='bbox 1088 2912 1267 2964; x_wconf 84' lang='lat' dir='ltr'>quum.</span> <span class='ocrx_word' id='word_1_210' title='bbox 1286 2896 1479 2964; x_wconf 84' lang='lat' dir='ltr'>legeris</span> <span class='ocrx_word' id='word_1_211' title='bbox 1509 2896 1580 2947; x_wconf 83' lang='lat' dir='ltr'>li-</span> 
     </span>
    </p>
   </div>
   <div class='ocr_carea' id='block_1_8' title="bbox 127 2967 1581 3108">
    <p class='ocr_par' dir='ltr' id='par_1_8' title="bbox 127 2967 1581 3108">
     <span class='ocr_line' id='line_1_31' title="bbox 127 2967 1581 3094; baseline 0.004 -75"><span class='ocrx_word' id='word_1_212' title='bbox 127 2967 315 3021; x_wconf 80' lang='lat' dir='ltr'><strong>brum·</strong></span> <span class='ocrx_word' id='word_1_213' title='bbox 303 3002 322 3028; x_wconf 87' lang='lat'>,</span> <span class='ocrx_word' id='word_1_214' title='bbox 352 2967 503 3036; x_wconf 85' lang='lat' dir='ltr'>cujus</span> <span class='ocrx_word' id='word_1_215' title='bbox 543 2967 858 3038; x_wconf 84' lang='lat' dir='ltr'>amplitudo</span> <span class='ocrx_word' id='word_1_216' title='bbox 885 2985 999 3021; x_wconf 85' lang='lat' dir='ltr'>non</span> <span class='ocrx_word' id='word_1_217' title='bbox 1041 2968 1185 3023; x_wconf 85' lang='lat' dir='ltr'>sinit</span> <span class='ocrx_word' id='word_1_218' title='bbox 1176 2985 1317 3094; x_wconf 36' lang='lat' dir='ltr'>Eme:</span> <span class='ocrx_word' id='word_1_219' title='bbox 1314 2968 1581 3039; x_wconf 79' lang='lat' dir='ltr'>longiore</span> 
     </span>
     <span class='ocr_line' id='line_1_32' title="bbox 1262 3058 1320 3108; baseline -0.034 -14"><span class='ocrx_word' id='word_1_220' title='bbox 1262 3058 1320 3108; x_wconf 73' lang='grc' dir='ltr'>ιι]</span> 
     </span>
    </p>
   </div>
  </div>
 </body>
</html>
