1951 3720
430 343 998 412 Emsrozffl.
1042 341 1188 412 Lib.
1226 344 1313 412 V.
1466 365 1596 435 149

157 462 557 533 tarditatemque
586 463 779 517 vicisti.
803 464 1033 516 Proinde
1049 478 1136 515 aut
1150 477 1338 530 rumpe
1356 461 1460 527 jam
1486 479 1599 514 mo·

157 553 231 588 ras
256 576 270 599 ‚
308 554 401 588 aut
437 555 567 589 cave
604 554 673 590 ne
720 538 934 590 eosdem
985 537 1110 588 illos
1152 536 1363 588 libellos
1396 575 1412 598 ‚
1460 552 1598 603 quos

156 609 246 660 tibi
284 611 710 694 hendecasyllabi
752 610 916 662 nostri
949 608 1219 662 blanditiis
1254 608 1446 660 elicere
1485 624 1601 660 non

157 680 402 748 possunt,
434 684 694 735 convicio
731 685 1008 735 scazontes
1039 697 1416 750 extorqueant.
1470 680 1600 732 Per-

157 754 342 806 fectum
382 772 524 824 opus
565 757 967 824 absolutumque
1004 754 1116 818 est,
1153 771 1253 806 nec
1292 754 1398 818 jam
1434 755 1603 822 splen-

157 819 312 879 descit
327 828 500 891 lima,
534 829 621 880 sed
638 829 898 881 atteritur.
931 828 1114 880 Patere
1143 845 1230 879 nte
1251 827 1439 879 videre
1464 827 1601 878 titu-

145 900 257 950 lum
291 916 483 960 tuum3
507 917 690 968 patere
711 903 889 954 audire
921 901 1176 963 describi,
1215 901 1361 969 legi·‚
1392 900 1600 952 vaenire

159 974 428 1024 volumina
476 975 774 1043 Tranquilli
820 974 946 1027 mei.
1007 974 1238 1042 AEquum
1289 972 1363 1024 est
1397 990 1499 1025 nos
1540 972 1598 1024 in

159 1061 325 1098 amore
364 1062 479 1097 tam
510 1062 698 1099 mutuo
730 1049 968 1099 eamdem
1006 1047 1284 1115 percipere
1312 1062 1382 1097 ex
1405 1061 1458 1097 te
1487 1063 1603 1098 vo-

147 1120 404 1186 luptatem
427 1158 443 1184 ,
485 1120 590 1189 qua
626 1135 685 1172 tu
708 1120 992 1188 perfrueris
1016 1133 1087 1172 ex
1111 1119 1286 1171 nobis.
1327 1119 1484 1173 Vale.

207 1239 323 1293 ΧΠ.
357 1240 537 1295 an.
580 1242 833 1308 Fami-ro
877 1241 1261 1294 Pnosoceno
1305 1253 1429 1293 suo
1470 1242 1528 1296 S.

243 1335 504 1405 Prosoceri
531 1337 895 1405 munificentiam
919 1338 968 1387 in
994 1355 1277 1388 communem
1292 1337 1503 1405 patriam

778 1434 962 1487 laudat.

159 1518 421 1614 thlzm
449 1558 653 1613 litteras
685 1573 799 1612 tuas
823 1599 837 1623 ‚
874 1563 947 1611 ’ex
978 1557 1170 1628 quibus
1202 1560 1440 1629 cognovi
1477 1560 1597 1629 spe·

160 1634 513 1686 ciosissimam
536 1649 589 1685 te
620 1633 887 1702 porticum
910 1633 1004 1684 sub
1033 1648 1130 1684 tuo
1161 1629 1367 1700 filiique
1391 1633 1471 1685 tui
1494 1650 1598 1686 no-

157 1707 289 1759 mine
325 1706 589 1760 dedicaffe
608 1725 624 1766 3
645 1706 886 1775 sequenti
923 1707 1009 1757 die
1046 1705 1106 1756 in
1135 1722 1410 1773 portarum
1436 1723 1596 1758 orna-

156 1793 260 1832 tum
280 1780 568 1849 pecuniam
600 1777 901 1848 promisifl'e
922 1819 938 1842 ‚
965 1794 1027 1831 ut
1054 1778 1268 1830 initium
1290 1796 1449 1831 novae
1473 1778 1600 1832 libe·
1644 1845 1651 1849 .

158 1854 372 1907 talitatis
398 1852 531 1907 effet
553 1852 941 1908 consummatio
973 1851 1190 1922 prioris.
1234 1851 1460 1906 Gaudeo
1485 1852 1597 1921 pri-

160 1928 292 1980 nu'un
323 1927 419 1993 tua
460 1927 632 1998 gloria
654 1966 670 1990 ‚
702 1925 850 1992 cujus
892 1929 956 1979 ad
986 1943 1072 1979 me
1108 1944 1229 1996 pars
1276 1928 1453 1999 aliqua
1494 1944 1596 1995 pro

159 2000 546 2053 necessitudine
577 2000 750 2053 nostra
773 2001 1026 2052 redundat
1049 2018 1066 2060 ·‚
1104 2000 1290 2052 deinde
1315 1999 1461 2069 quod
1481 2017 1597 2053 me-

162 2074 379 2130 moriam
414 2074 587 2127 soceri
619 2073 725 2126 mei
756 2073 1131 2141 pulcherrimis
1160 2073 1412 2141 operibus
1429 2073 1598 2126 video

160 2147 415 2214 proferri·‚
449 2145 718 2215 postremo
742 2145 888 2215 quod
916 2147 1085 2215 patria
1120 2146 1295 2199 nostra
1325 2146 1593 2211 florescit,

161 2235 306 2287 quam
343 2220 483 2272 mihi
512 2238 542 2273 a
565 2236 905 2288 quocumque
926 2220 1109 2272 excoli
1133 2219 1419 2283 iucundum
1440 2259 1454 2282 ,
1487 2237 1516 2272 a
1544 2234 1598 2273 te

161 2293 283 2347 vero
319 2292 664 2346 laetissimum
687 2292 777 2346 est.
820 2295 985 2358 Quod
996 2292 1224 2361 superest
1242 2332 1259 2356 ‚
1292 2296 1447 2347 Deos
1471 2310 1595 2362 pre-

159 2382 245 2418 cor
282 2382 344 2419 ut
385 2367 628 2419 animum
667 2365 832 2418 istum·
853 2365 952 2421 tibi
972 2405 989 2430 ‚
1032 2367 1216 2418 animo
1252 2366 1335 2419 isti
1382 2384 1595 2436 ternpus

162 2439 309 2506 quam
353 2440 737 2509 longissimum
777 2438 1026 2492 tribuant.
1082 2441 1219 2491 Nam
1248 2436 1420 2510 liquet
1459 2441 1594 2494 mihi

160 2512 387 2564 futurum
425 2527 487 2565 ut
522 2512 766 2581 peraCtm
802 2514 950 2598 quod
983 2512 1235 2580 proxime
1259 2513 1592 2582 promisisti3

161 2582 374 2638 inchoes
413 2586 575 2639 aliud.
611 2585 794 2638 Nescit
829 2589 975 2638 enim
1013 2587 1176 2639 semel
1205 2586 1423 2639 incitata
1457 2588 1594 2639 libe-

161 2658 326 2710 ralitas
348 2658 521 2788 {iaz-(e,
507 2657 687 2724 ‚cujus
706 2658 1155 2732 pulchritudinem
1177 2661 1300 2714 usus
1319 2659 1432 2733 ipse
1451 2675 1594 2751 coru·

159 2733 367 2787 mendat
477 2734 575 2787 ale.

1234 3025 1284 3080 c
1311 3025 1371 3093 iij
