1951 3720
311 313 404 387 34
627 289 891 358 CAII
965 290 1386 360 ΡιιΝιῙ

302 409 448 477 cipi,
488 425 738 479 magnum
780 410 958 462 seculo
992 450 1007 473 ‚
1047 427 1296 479 magnum
1333 408 1495 463 etiam
1531 410 1653 464 foro
1698 413 1753 466 δὲ

302 481 485 534 rostris
529 487 834 538 attulerunt.
887 485 1146 536 Laudatus
1187 483 1261 535 est
1298 502 1328 536 a
1364 485 1582 536 consule
1623 487 1762 537 Con·

303 556 452 609 nelio
489 557 726 611 Tacito:
761 575 882 609 nam
917 557 1006 610 hic
1044 558 1317 625 supremus
1354 558 1598 610 felicitati
1636 557 1754 623 ejus

303 633 547 683 cumulus
590 633 811 684 accessit
830 671 845 694 ‚
880 634 1121 685 laudator
1151 631 1645 700 eloquentissimus:
1688 634 1762 685 Et

301 704 396 756 ine
417 705 630 773 quidem
650 707 839 773 plenus
860 705 1011 758 annis
1033 704 1161 758 abiit
1176 745 1190 768 ‚
1211 708 1400 773 plenus
1419 706 1764 770 honoribus,

302 777 412 829 illis
444 778 605 830 etiam
629 796 765 847 quos
786 780 1067 832 recusavit.
1114 779 1285 831 Nobis
1318 795 1497 833 tamen
1517 796 1761 849 quaeren·

304 853 402 904 dus
439 868 496 903 ac
528 854 897 904 desiderandus
929 854 1032 915 est,
1065 868 1125 904 ut
1159 856 1434 922 exemplar
1465 854 1571 906 aevi
1602 853 1762 921 prio·-

303 925 416 983 ris;
450 925 584 977 mihi
620 924 754 979 vero
777 926 1075 995 praecipue,
1114 927 1207 996 qui
1249 928 1400 980 illum
1425 944 1539 980 non
1581 927 1759 980 solum

304 997 515 1067 publice
531 1039 544 1061 ‚
567 1000 656 1051 sed
688 1000 848 1052 etiam
867 1000 1123 1069 privatim
1144 1016 1404 1070 quantum
1425 1001 1722 1055 admirabar
1742 1040 1768 1066 ,

303 1085 513 1123 tantum
547 1073 857 1142 diligebam:
891 1075 1123 1142 primum
1157 1072 1302 1143 quod
1321 1077 1537 1144 utrique
1567 1076 1764 1129 eadem

303 1145 457 1216 regio
479 1185 494 1208 ,
535 1147 825 1215 municipia
857 1146 1089 1200 finitima
1109 1187 1123 1210 ‚
1150 1148 1260 1217 agri
1279 1149 1442 1202 etiam
1462 1146 1765 1217 possessio·

308 1221 506 1288 nesque
530 1219 826 1282 coniunctae
847 1240 865 1281 ·‚
895 1236 1150 1290 praterea
1171 1220 1316 1290 quod
1340 1222 1430 1274 ille
1454 1221 1588 1274 mihi
1606 1235 1768 1275 tutor

305 1294 520 1346 relictus
543 1333 558 1355 ‚
597 1293 843 1346 affefikum
879 1296 1113 1364 parentis
1155 1295 1416 1349 exhibuit.
1454 1296 1765 1349 siccandi-

304 1368 485 1419 datum
523 1383 615 1419 mev
627 1367 877 1437 suffragio
897 1369 1116 1421 ornavit
1134 1388 1150 1428 3
1172 1369 1249 1421 sic
1269 1371 1333 1420 ad
1363 1386 1553 1423 omnes
1573 1370 1771 1422 hono-

304 1457 389 1493 res
426 1458 577 1493 meos
619 1458 689 1493 ex
731 1442 1024 1495 secessibus
1056 1443 1350 1495 adcucurrit
1369 1482 1384 1506 ,
1419 1459 1583 1511 quum
1619 1442 1769 1506 iam-

306 1514 515 1583 pridem
556 1512 817 1579 ejusmodi
866 1516 1056 1569 officiis
1100 1515 1442 1569 renuntiasset
1476 1536 1493 1576 ·,
1540 1516 1618 1569 sic
1661 1518 1766 1570 illo

308 1588 421 1649 die,
445 1605 554 1656 quo
573 1588 868 1642 sacerdotes
892 1590 1069 1642 solent
1091 1592 1369 1643 nominare
1392 1607 1529 1660 quos
1552 1590 1772 1660 dignis-

294 1660 481 1713 'simos
513 1662 809 1715 sacerdotio
849 1661 1112 1728 judicant,
1151 1680 1237 1716 me
1274 1665 1483 1732 semper
1505 1665 1774 1718 nomina-

307 1735 414 1802 bat.
467 1735 617 1801 Quin
660 1736 821 1788 etiam
864 1737 922 1788 in
969 1739 1067 1789 hac
1115 1736 1415 1791 novissima
1451 1738 1771 1792 valetudine

307 1808 515 1862 veritus
554 1825 621 1862 ne
657 1809 797 1866 forte
847 1810 987 1863 inter
1026 1811 1416 1880 quinqueviros
1448 1827 1721 1867 crearetur
1748 1853 1770 1880 ,

307 1883 402 1951 qui
434 1883 736 1936 minuendis
758 1886 983 1953 publicis
1004 1885 1296 1953 sumptibus
1327 1884 1527 1950 judicio
1546 1887 1768 1941 senatus

309 1955 760 2010 constituebantur
780 1997 794 2020 ,
832 1975 998 2026 quum
1018 1958 1100 2011 illi
1119 1974 1204 2011 tot
1225 1960 1383 2012 amici
1403 1960 1553 2013 senes
1572 1963 1776 2015 consu-

309 2030 551 2099 laresque
572 2030 892 2099 supereffent
912 2071 927 2096 ‚
960 2049 1048 2084 me
1066 2031 1222 2098 hujus
1246 2033 1415 2086 aetatis
1437 2073 1460 2097 ,
1477 2051 1574 2102 per
1598 2052 1769 2103 quem

309 2105 649 2157 excusaretur
670 2143 686 2168 ,
718 2103 880 2174 elegit
901 2144 917 2169 ,
947 2105 1033 2158 his
1066 2107 1279 2175 quidem
1311 2107 1527 2161 verbis:
1552 2108 1778 2161 Etiamsi

299 2178 463 2246 filium
498 2179 710 2229 haberem
742 2213 758 2237 ‚
797 2179 886 2229 tibi
917 2182 1203 2231 mandarem.
1240 2181 1448 2245 Quibus
1477 2198 1549 2234 ex
1582 2183 1774 2237 causis

309 2249 514 2304 necess‘e
545 2250 618 2304 est
654 2267 928 2321 tamquam
944 2252 1282 2306 immaturam
1310 2270 1543 2308 mortem
1567 2254 1688 2322 ejus
1710 2256 1776 2310 in

310 2324 434 2377 sinu
457 2339 553 2377 tuo
585 2324 805 2378 defleam
832 2344 849 2385 ·,
869 2326 916 2378 si
952 2341 1133 2380 tamen
1167 2328 1246 2381 fas
1268 2327 1341 2380 est
1363 2343 1454 2381 aut
1472 2328 1603 2383 flere
1622 2369 1639 2393 ,
1675 2345 1774 2383 aut

310 2397 545 2451 omnino
578 2415 809 2453 mortem
848 2417 1077 2464 vocare,
1110 2400 1214 2470 qua
1251 2402 1385 2453 tanti
1416 2402 1524 2455 viri
1555 2419 1775 2458 morta·-

308 2470 433 2530 litas
474 2472 642 2542 magis
685 2471 838 2526 finita
883 2473 1042 2543 quam
1090 2475 1205 2528 vita
1245 2475 1338 2529 est.
1375 2475 1538 2529 Vivit
1573 2476 1728 2530 enim
1753 2516 1772 2543 ,

310 2544 573 2614 vivetque
609 2546 816 2615 semper
834 2586 849 2612 ‚
874 2563 1032 2618 atque
1053 2549 1218 2601 etiam
1233 2548 1385 2602 latius
1410 2549 1468 2601 in
1499 2551 1774 2604 memoria

313 2619 599 2671 hominum
637 2620 690 2672 δι
723 2622 968 2676 sermone
1006 2623 1298 2676 versabitur
1318 2662 1334 2686 ,
1376 2622 1661 2692 postquam
1703 2627 1772 2679 ab

315 2693 487 2745 oculis
530 2693 766 2749 recessit.
806 2696 978 2749 Volui
1020 2696 1118 2749 tibi
1155 2699 1322 2749 multa
1355 2695 1458 2749 alia
1497 2697 1727 2751 scribere
1752 2737 1771 2764 ,

313 2767 406 2819 sed
439 2779 588 2820 totus
623 2768 829 2822 animus
851 2769 907 2821 in
929 2770 1026 2822 hac
1057 2776 1168 2822 una'
1191 2769 1648 2839 contemplatione
1667 2774 1775 2825 de-

314 2839 458 2893 fixus
478 2840 571 2895 est.
609 2842 919 2912 Virginium
957 2843 1144 2913 cogito
1163 2883 1179 2906 ,
1200 2843 1514 2913 Virginium
1548 2845 1716 2899 video
1748 2885 1770 2910 ,

315 2914 629 2988 Virginium
677 2915 788 2983 jam
832 2918 987 2972 vanis
1039 2916 1359 2988 imaginibus
1391 2957 1410 2982 ,
1455 2919 1778 2984 recentibus,
