1951 3720
939 133 979 149 x,

337 313 1339 390 EPISTOLAE.Lib.V11L
1441 339 1584 415 237

105 429 181 487 ‘in
213 435 323 487 hoc
366 436 637 504 praecipu'e
680 454 792 489 non
824 438 1162 502 obsecuturi,
1195 439 1243 490 si
1278 440 1338 492 in
1371 441 1478 493 ulla
1521 459 1580 494 re

120 508 346 577 putafl'et
372 510 449 562 fas
488 509 594 561 effe
621 527 734 562 non
765 512 1008 580 obsequi.
1049 511 1234 563 Finem
1268 512 1576 567 existimas?

123 582 417 633 Manedum
443 622 458 645 ‚
506 584 558 635 δε
600 582 801 646 majora
841 585 1044 652 accipe.
1091 586 1268 653 Utique
1293 621 1309 647 ‚
1348 605 1481 653 quum
1515 590 1583 638 sit

122 657 239 706 utile
261 691 279 713 ‚
315 657 562 724 Principis
598 659 928 726 benignitatem
954 660 1353 726 promptissimam
1379 665 1444 709 ad
1471 662 1587 726 lau-s

124 731 224 779 dem
246 731 533 797 praemiaque
570 732 837 780 merentium
873 733 1103 797 illustr-ari
1141 733 1308 799 ubique
1330 769 1344 794 ,
1387 736 1434 784 ὃ·
1475 753 1582 783 ma-

124 802 246 851 xime
275 805 345 852 his
379 804 502 853 locis
527 839 541 860 ,
582 804 744 871 quibus
785 805 978 854 incitari
1011 808 1081 865 ad,
1116 805 1427 857 imitationem
1456 826 1583 875 prae-

121 876 270 943 positi
302 895 455 926 rerum
496 878 590 946 ejus
625 896 742 926 curae
767 877 953 945 poffent
973 914 990 934 ,
1039 880 1084 928 6·
1122 878 1370 933 Pallantis
1390 879 1582 948 specla-

126 949 304 999 tissima
335 950 466 1019 fides
490 986 503 1010 ,
562 966 699 1017 atque
746 952 1018 1001 innocentia
1055 955 1269 1020 exemplo
1312 973 1580 1023 provocare

117 1023 319 1086 studium
380 1040 477 1072 tam
527 1025 722 1086 honestae
770 1025 1082 1075 aemulationIs
1123 1028 1278 1093 possit
1312 1061 1327 1085 ,
1380 1046 1434 1077 ea
1480 1046 1579 1095 quae

71 1133 72 1136 η
127 1113 294 1164 quarto
338 1097 597 1147 Kalendas
626 1097 902 1149 Februarias
922 1133 937 1157 ‚
973 1116 1070 1166 quae
1094 1100 1321 1166 proxima
1337 1099 1535 1168 fiuffent
1558 1137 1576 1160 ‚

67 1163 74 1198 ⁷
127 1169 176 1220 in
214 1172 508 1237 amplt'ssimo
556 1173 719 1221 ordine
761 1173 961 1239 optimus
1018 1172 1247 1239 Princeps
1296 1174 1533 1241 recitaffet
1558 1210 1577 1232 ,

67 1225 406 1311 senatusque
445 1244 662 1310 consulta
701 1247 756 1295 de
789 1247 847 1294 iis
880 1246 1014 1294 rebus
1035 1244 1168 1311 sabla
1208 1246 1258 1295 ia
1290 1265 1349 1296 aes
1398 1249 1587 1298 incide-

130 1334 333 1375 rentur,
367 1317 503 1383 idque
534 1336 593 1367 ως
620 1318 849 1386 figeretur
876 1322 940 1367 ad
950 1320 1156 1379 statuam
1191 1319 1446 1370 loricatam
1479 1321 1587 1371 divi

130 1387 270 1442 Jalii.
325 1390 516 1442 Parum
552 1390 765 1454 visum,
804 1406 1075 1443 tantorum
1115 1393 1432 1444 dedecorum
1475 1392 1579 1460 effe

132 1463 332 1515 curiam
371 1463 588 1515 testem:
620 1432 848 1517 deleE’tus
879 1464 951 1515 est
977 1465 1347 1518 celeberrimus
1384 1468 1536 1519 locus
1561 1507 1578 1531 ‚

133 1534 191 1587 in
214 1554 324 1605 quo
347 1538 567 1606 legenda
598 1537 938 1605 praesentibus
956 1577 969 1599 ‚
992 1540 1210 1607 legenda
1234 1539 1424 1591 futuris
1449 1557 1579 1607 pro·

134 1612 401 1663 derentur.
460 1610 660 1662 Placuit
712 1629 814 1662 aere
861 1611 1059 1680 signari
1109 1628 1296 1663 omnes
1344 1614 1580 1666 honores

132 1683 546 1737 fastidiosissimi
594 1684 847 1752 mancipii
883 1724 897 1747 ,
937 1685 1176 1753 quosque
1230 1685 1581 1752 repudiass‘et‚

134 1758 377 1827 quosque
399 1797 413 1820 ,
447 1773 699 1826 quantum
725 1761 789 1809 ad
814 1760 1154 1809 decernentes
1179 1759 1409 1824 pertinet
1426 1797 1440 1821 ‚
1467 1776 1580 1827 ges-

136 1830 299 1886 sifl‘et.
336 1830 503 1884 Incisa
538 1832 590 1884 δε
621 1832 879 1900 insculpta
911 1831 1032 1883 sunt
1067 1831 1290 1899 publicis
1341 1832 1583 1884 aeternis-

138 1922 239 1975 que
272 1905 641 1957 monumentis
677 1905 925 1973 praetoria
955 1920 1265 1957 ornamenta
1292 1906 1540 1958 Pallantis
1561 1947 1580 1972 ‚

136 1979 215 2031 sic
250 1980 404 2048 quasi
440 1980 638 2031 foedera
672 1979 886 2048 antiqua
907 2018 920 2041 ‚
955 1978 1032 2031 sic
1064 1979 1214 2047 quasi
1238 1979 1391 2030 sacrae
1414 1981 1583 2049 leges-

137 2054 307 2106 Tanta
351 2051 615 2120 Principis
642 2093 656 2116 ,
695 2067 839 2104 tanta
878 2052 1083 2103 senatus
1106 2092 1120 2114 ,
1158 2066 1311 2103 tanta
1333 2053 1586 2107 Pallantis

140 2126 327 2195 ipsius,
349 2164 360 2177 .
386 2164 398 2177 .
427 2127 556 2195 quid
579 2127 746 2177 dicam
770 2126 949 2178 nescio
967 2165 981 2187 ,
1007 2141 1065 2176 ut
1091 2128 1292 2178 vellent
1317 2125 1373 2180 in
1407 2127 1582 2179 oculis

143 2200 384 2252 omnium
435 2199 530 2269 figi
569 2199 734 2251 Pallas
775 2200 1114 2251 insolentiam
1149 2199 1293 2251 suam
1317 2238 1331 2262 ‚
1371 2200 1582 2268 patien-

139 2273 268 2325 tiam
312 2274 523 2336 Caesar‚
560 2272 917 2324 humilitatem
956 2273 1182 2325 senatus,
1245 2274 1357 2325 Nec
1395 2274 1585 2341 puduit

140 2349 404 2399 rationem
443 2345 757 2414 turpitudini
799 2348 1121 2405 obtendere,
1152 2345 1417 2416 egregiam
1461 2348 1584 2416 qui-

141 2421 257 2473 dem
299 2420 681 2503 pulchramque
723 2420 1023 2481 rationem,
1054 2433 1116 2470 ut
1154 2423 1405 2487 exemplo
1462 2421 1583 2474 Pal-

138 2494 294 2547 lantis
326 2493 675 2562 praemiorum
701 2495 764 2544 ad
782 2492 1008 2544 studium
1036 2493 1392 2546 aemulationis
1416 2493 1584 2546 ceteri

139 2570 582 2635 provocarentur.
628 2568 698 2618 Ea
736 2567 1006 2618 honorum
1041 2565 1223 2618 vilitas
1261 2582 1371 2618 erat
1400 2606 1415 2629 ‚
1456 2567 1583 2619 illo-

142 2657 255 2692 rum
286 2641 455 2693 etiam
477 2680 492 2703 ‚
537 2657 673 2709 quos
705 2640 870 2692 Pallas
902 2656 1015 2691 non
1050 2639 1104 2690 se
1134 2640 1458 2708 dignabatur.
1494 2642 1585 2692 In·

139 2715 493 2767 vestiebantur
526 2727 706 2765 tamen
733 2713 963 2765 honesto
999 2715 1123 2764 loco
1146 2713 1255 2764 nati
1275 2752 1291 2776 ‚
1317 2713 1409 2782 qui
1434 2729 1585 2780 pete·

141 2805 257 2840 rent
296 2788 691 2856 cuperentque,
732 2789 876 2854 quod
916 2786 1026 2837 dari
1064 2786 1257 2838 liberto
1283 2826 1298 2849 ‚
1337 2785 1585 2854 promitti

142 2861 310 2914 servis
350 2861 623 2913 videbant.
680 2858 855 2925 Quam
885 2858 1036 2924 juvat
1065 2857 1209 2927 quod
1242 2859 1303 2911 in
1340 2873 1585 2926 tempora

144 2932 230 2987 illa
253 2951 371 2988 non
400 2932 601 2998 incidi,
637 2950 865 3003 quorum
906 2933 985 2986 sic
1019 2949 1105 2999 me
1130 2972 1144 2995 ‚
1168 2948 1437 3004 tamquam
1473 2932 1585 2999 inis
