1951 3720
361 388 454 456 24
676 365 940 433 cart
1005 334 1429 431 ῬιιΝιι

357 499 546 553 graves
577 481 743 534 causae
767 498 864 534 cur
893 479 1151 547 suscipere
1177 480 1229 530 &
1261 495 1450 548 augere
1481 476 1801 549 dignitatem

357 569 503 606 tuam
535 556 770 607 debeam.
814 552 925 604 Effe
967 568 1144 604 autem
1179 551 1276 603 tibi
1312 567 1525 603 centum
1562 550 1801 603 millium

355 628 570 680 censum
593 627 716 679 satis
746 624 975 688 indicat,
1011 623 1153 693 quod
1173 625 1311 692 apud
1341 641 1441 676 nos
1474 623 1690 676 decurio
1714 639 1802 677 es.

355 700 560 784 Igitur,
586 715 647 752 ut
668 712 721 751 te
745 716 857 751 non
879 699 1163 751 decurione
1186 698 1394 760 solum,
1417 696 1607 749 verum
1630 696 1801 749 etiam

356 773 537 841 equite
568 774 815 825 Romano
851 772 1214 840 perfruamur,
1255 767 1427 821 offero
1463 769 1561 822 tibi
1585 764 1652 820 a'd
1687 770 1800 821 im-

357 847 575 913 plendas
601 845 861 914 equestres
886 845 1157 897 facultates
1181 856 1416 894 trecenta
1445 841 1613 893 millia
1644 858 1803 894 num-

357 917 523 971 mum.
546 919 626 970 Te
653 934 947 970 memorem
969 915 1125 981 huius
1145 914 1378 968 muneris
1403 913 1651 966 amicitiae
1672 931 1803 966 nos·

356 1003 452 1042 trae
489 991 801 1042 diuturnitas
839 991 1080 1058 spondet.
1136 990 1250 1058 Ego
1293 1004 1361 1040 ne
1399 987 1529 1040 illud
1575 987 1800 1055 quidem

356 1065 654 1127 admoneo,
680 1065 826 1131 quod
853 1065 1137 1115 admonere
1169 1062 1442 1123 deberem,
1467 1060 1573 1112 nisi
1603 1060 1802 1112 scirem

356 1134 549 1206 sponte
583 1135 838 1188 faciurum
860 1175 875 1199 ,
925 1149 985 1187 ut
1014 1134 1270 1203 dignitate
1300 1150 1330 1184 a
1361 1149 1446 1184 me
1476 1131 1593 1184 data
1631 1131 1800 1202 quam

356 1207 743 1264 modestissime
764 1224 930 1262 utare.
960 1210 1098 1260 Nam
1122 1205 1399 1259 sollicitius
1422 1204 1799 1258 custodiendus

356 1280 431 1333 est
459 1282 637 1334 honor
657 1320 671 1346 ,
707 1281 765 1333 in
794 1298 903 1352 quo
927 1282 1089 1333 etiam
1115 1277 1435 1333 beneficium
1464 1277 1622 1331 amici
1643 1293 1800 1330 tuen·

356 1355 483 1406 dum
512 1353 604 1419 est.
643 1354 803 1409 Vale.

449 1464 591 1521 XX.
630 1465 834 1524 Pur.
877 1470 1056 1540 Coa.
1092 1468 1403 1521 Tacta-o
1445 1479 1593 1520 suo
1635 1466 1694 1521 S.

355 1581 578 1649 Δωρῖται
617 1580 664 1631 6·
702 1576 938 1649 cofiosum
971 1578 1162 1629 dicendi
1191 1597 1335 1648 genus
1369 1579 1418 1630 ιἰι
1453 1578 1605 1629 causis
1642 1596 1798 1646 agen-

430 1655 503 1704 dis
533 1654 740 1706 breviori
770 1656 816 1704 6·
846 1650 1192 1719 circumscripto
1217 1652 1409 1720 ptaefert
1432 1685 1449 1713 .
1487 1652 1532 1703 6·
1561 1669 1619 1702 ea
1653 1653 1711 1702 de
1745 1667 1800 1702 re

421 1724 708 1795 senteutiam
735 1727 940 1796 exquirit
973 1725 1152 1777 Taciti·

359 1829 532 1926 Fan
549 1885 647 1933 Qu
664 1884 755 1923 εκ
772 1884 798 1922 s
830 1867 964 1921 mihi
981 1866 1277 1952 'disputatio
1309 1868 1384 1923 est
1410 1886 1531 1922 cum
1559 1866 1799 1938 quodam

348 1944 518 1997 ,ἀοᾶο
545 1944 766 1997 homine
800 1943 854 1995 ὅτ.
881 1942 1096 2010 perito,
1129 1941 1216 1994 cui
1244 1942 1377 1995 nihil
1408 1941 1603 2011 aeque
1588 1960 1646 1994 m
1674 1959 1797 1995 cau-

359 2015 434 2069 sis
466 2017 717 2087 agendis,
753 2030 813 2067 ut
841 2014 1074 2067 brevitas
1104 2017 1311 2083 placer,
1346 2032 1504 2084 quam
1533 2031 1635 2084 ego
1666 2031 1796 2069 cus-

359 2091 666 2142 todiendam
701 2087 803 2141 effe
839 2086 1144 2151 confiteor,
1191 2088 1238 2139 si
1273 2089 1424 2141 causa
1457 2087 1733 2156 permittat
1775 2108 1795 2142 t

358 2162 601 2247 alioquin
617 2161 985 2245 praejvaricatio
1007 2160 1115 2224 est,
1140 2160 1361 2213 transire
1383 2160 1630 2213 dicenda·
1620 2195 1635 2219 ‚
1660 2178 1797 2229 prae·

348 2235 617 2320 „varica-tio
658 2235 821 2288 etiam
854 2271 870 2297 ,
925 2233 1123 2286 cursim
1165 2234 1219 2286 ὅτ.
1256 2233 1489 2286 breviter
1529 2232 1795 2302 attingere

356 2324 477 2378 quae
501 2310 607 2361 sint
632 2307 970 2369 inculcanda,
998 2305 1297 2376 infigenda,
1323 2308 1622 2375 repetenda.
1647 2307 1795 2359 Nam

357 2381 622 2450 plerisque
648 2380 894 2450 longiore
927 2378 1149 2431 traciatu
1179 2379 1266 2432 vis
1296 2381 1534 2448 quaedam
1568 2379 1623 2431 &
1656 2396 1794 2447 pon·

358 2454 455 2506 dus
491 2452 728 2521 accedit3
769 2468 931 2521 utque
966 2452 1182 2521 corpori
1218 2453 1414 2505 ferrum
1438 2491 1454 2516 ,
1496 2452 1573 2505 sic
1611 2452 1792 2505 oratio

357 2526 540 2579 animo
569 2542 682 2579 non
713 2524 820 2578 ictu
842 2526 1008 2596 magis
1030 2565 1046 2589 ,
1076 2523 1235 2595 quam
1257 2525 1408 2578 mora
1442 2523 1791 2593 imprimitur.

358 2597 464 2650 Hic
493 2598 584 2651 ille
613 2615 822 2651 mecum
852 2598 1248 2651 auetoritatibus
1279 2598 1387 2667 agit
1418 2617 1431 2650 ι
1464 2614 1523 2649 ac
1553 2596 1687 2649 mihi
1718 2615 1793 2651 ex

357 2670 563 2724 Graecis
616 2670 886 2724 orationes
933 2671 1111 2741 Lysiae
1163 2669 1386 2723 ostentat
1409 2689 1427 2731 ⁴,
1473 2687 1543 2722 ex
1595 2669 1790 2723 nostris

355 2742 722 2797 Gracchorum
745 2744 1069 2813 Catonisque
1091 2783 1108 2808 ,
1138 2760 1365 2811 quorum
1398 2741 1521 2795 sane
1544 2743 1790 2811 plurima

355 2817 478 2869 sunt
513 2817 830 2871 circumcise
862 2819 915 2869 &
948 2819 1157 2869 breves.
1194 2818 1308 2885 Ego
1338 2815 1515 2885 Lysiae
1546 2816 1791 2869 Demos-

357 2890 622 2953 thenem,
668 2890 1011 2953 AEschinem,
1058 2890 1386 2959 Hyperidem
1423 2928 1438 2952 ‚
1485 2889 1790 2958 multosque

248 2941 251 2942 ⁷
343 2976 611 3037 νβιαίᾳ-εει
647 2981 665 3025 ·,
705 2962 1011 3027 GracchiS‚
1053 2963 1105 3015 δι
1145 2962 1392 3028 Catoni,
1431 2960 1798 3028 Pollionem*

1486 3032 1745 3088 cesarem
1769 3072 1787 3101 ,
