1951 3720
347 202 481 275 180
646 201 910 269 CArt
977 200 1467 270 prr-mr

333 326 455 377 bam
476 323 632 376 enim
644 323 1374 389 duodevicesimumannum.
1397 319 1565 388 Posco
1585 323 1784 384 librum

336 399 452 450 Titi
479 398 656 459 Livii,
685 398 737 449 &
758 398 910 465 quasi
930 414 1026 465 per
1045 398 1219 448 otium
1240 400 1363 465 lego
1377 436 1390 458 ‚
1414 413 1570 465 atque
1584 401 1750 452 etiam
1768 437 1782 465 ,

334 487 397 524 ut
433 488 736 540 coeperam,
769 488 1021 537 excerpo.
1077 472 1210 522 Ecce
1256 470 1455 522 amicus
1491 474 1811 537 avunculis

337 545 433 614 qui
465 562 631 613 nuper
668 546 734 595 ad
760 561 882 597 eum
908 561 978 596 ex
1015 543 1269 612 Hispania
1305 560 1564 607 venerat,
1599 561 1661 597 ut
1699 564 1784 598 me

338 620 393 671 δι
431 635 651 671 matrem
696 619 933 670 sedentes
960 657 974 678 ,
1025 634 1111 670 me
1145 615 1280 669 verb
1321 617 1482 669 etiam
1516 621 1784 687 legentem

336 693 525 754 videt,
559 691 702 743 illius
728 691 1075 760 patientiam,
1109 690 1440 743 securitatem
1473 708 1651 742 meam
1676 709 1787 743 cor·

336 765 512 834 ripit:
559 762 733 815 nihile>
778 763 985 832 segnius
1040 781 1142 832 ego
1182 765 1416 820 intentus
1472 764 1545 815 in
1566 765 1788 818 librum.

338 839 366 892 J
374 856 460 890 am
495 831 627 889 hora
649 836 761 890 diei
793 837 964 904 prima
990 876 1009 899 ‚
1048 838 1100 888 &
1133 840 1299 906 adhuc
1334 836 1520 889 dubius
1559 838 1612 888 &
1639 837 1789 905 quasi

337 911 628 980 languidus
666 912 815 969 dies·,
854 910 960 993 iam
1003 903 1252 978 quaffati's.
1291 910 1789 975 circumjacentibus

339 984 538 1046 testis
537 1000 900 1051 quamquam
931 984 988 1034 in
1036 999 1220 1051 aperto
1257 986 1423 1047 10c0‚
1456 984 1682 1053 angusto
1714 1000 1791 1037 ta-

341 1074 468 1109 men
496 1096 511 1120 ,
544 1073 764 1125 magnus
799 1057 851 1107 &
880 1072 1053 1108 certus
1089 1057 1256 1115 ruinae
1293 1072 1485 1110 metus,
1531 1059 1680 1109 Tum
1714 1060 1793 1110 de·

340 1146 491 1188 mum
530 1131 785 1181 excedere
822 1129 1027 1198 oppido
1064 1130 1259 1184 visum.
1308 1131 1559 1198 Sequitur
1592 1134 1792 1200 vulgus

342 1204 682 1266 attonitum,
722 1205 974 1271 quodque
1013 1202 1072 1254 in
1106 1220 1331 1275 pavore·
1347 1204 1524 1256 simile
1554 1208 1796 1289 pruden-

347 1277 436 1330 tiae
467 1317 482 1341 ‚
521 1277 779 1329 alienum
772 1276 1085 1346 consilium
1123 1278 1218 1329 suo
1262 1277 1471 1345 praefert
1496 1317 1512 1340 ‚
1555 1278 1795 1347 ingenti-

346 1368 451 1420 que
477 1350 686 1419 agmine
716 1351 964 1401 abeuntes
997 1350 1192 1417 premit
1213 1351 1264 1402 &
1284 1350 1534 1417 impellit.
1576 1353 1794 1424 Egressi

346 1425 485 1475 testa
524 1423 859 1475 consistimus
894 1442 907 1474 :
945 1426 1112 1475 multa
1154 1424 1228 1475 ibi
1274 1423 1510 1475 miranda
1540 1464 1555 1487 ‚
1598 1429 1803 1478 multas

346 1496 662 1550 formidines
705 1496 954 1563 patimur.
1014 1498 1150 1547 Nam
1196 1496 1440 1548 vehicula
1493 1515 1614 1566 quae
1667 1516 1796 1568 pto-

346 1570 471 1623 duci
501 1568 804 1634 jufferamus
827 1608 846 1632 ,
876 1585 1194 1637 quamquam
1231 1569 1628 1638 inplanissimo
1651 1590 1797 1628 cam·

345 1659 423 1711 po
445 1683 460 1706 ‚
495 1643 551 1694 in
582 1643 869 1694 contrarias
902 1659 1075 1710 partes
1106 1644 1389 1711 agebantur
1413 1684 1428 1706 ‚
1460 1661 1519 1696 ac
1556 1662 1627 1697 ne
1659 1646 1797 1714 lapi·

347 1717 499 1769 dibus
530 1717 743 1785 quidem
777 1717 905 1772 fulta
921 1756 942 1784 ·,
967 1716 1027 1767 in
1062 1718 1252 1770 eodem
1292 1716 1519 1787 vestigio
1548 1718 1795 1786 quiesce-

345 1791 491 1843 bant.
541 1790 796 1843 Praeterea
822 1807 963 1841 mare
987 1789 1044 1841 in
1063 1789 1115 1841 se
1141 1789 1434 1853 resorberi,
1469 1792 1522 1842 &
1557 1807 1796 1851 tremore

350 1877 501 1916 terrae
535 1863 685 1932 quasi
710 1865 895 1931 repelli
924 1864 1261 1916 videbamus,
1295 1863 1452 1917 Certe
1475 1866 1797 1935 procefferat

348 1936 500 1990 littus
539 1976 563 2000 ,
599 1938 868 2005 multaque
924 1937 1171 1990 animalia
1200 1939 1381 2007 maris.
1416 1937 1572 1990 siccis
1619 1941 1795 2008 arenis

352 2011 636 2063 detinebat.
698 2011 777 2061 Ab
815 2012 985 2062 altero
1020 2012 1181 2063 latere
1219 2013 1384 2063 nubes
1424 2027 1536 2064 atra
1575 2014 1630 2064 ὅτ.
1670 2015 1798 2065 hor·

353 2086 514 2136 tenda
529 2123 543 2146 ,
559 2082 706 2152 ignei
726 2083 940 2150 spiritus
959 2085 1116 2136 tortis
1130 2084 1452 2153 vibratisque
1475 2085 1796 2139 discursibus

350 2174 537 2225 rupta,
571 2158 627 2208 in
654 2159 840 2224 longas
866 2157 1199 2210 flammarum
1230 2156 1422 2226 figuras
1459 2158 1795 2225 dehiscebat:

350 2230 648 2299 fulgoribus
681 2228 787 2279 illae
822 2230 1171 2283 &.similes.&
1194 2229 1420 2294 majores
1444 2247 1612 2284 erant.
1657 2234 1798 2299 Tum

354 2302 490 2355 verb
530 2302 620 2354 ille
656 2301 797 2353 idem
848 2319 919 2354 ex
968 2303 1226 2370 Hispania
1274 2304 1471 2355 amicus
1518 2305 1692 2357 acrius
1747 2307 1796 2358 &

352 2374 662 2437 instantius,
695 2375 753 2425 Si
766 2375 959 2441 frater,
982 2375 1195 2444 inquit,
1220 2393 1354 2435 tuus,
1380 2394 1482 2427 tuus
1503 2380 1795 2438 avunculus,

351 2451 514 2509 vivit,
540 2448 644 2498 vult
675 2447 762 2512 effe
795 2468 879 2503 vos
891 2446 1096 2515 salvos:
1135 2451 1178 2501 si
1199 2451 1380 2519 periit,
1405 2448 1680 2520 superstites
1712 2472 1811 2515 ro·-

354 2524 490 2574 luit:
524 2522 722 2590 proinde
746 2524 862 2589 quid
888 2523 1069 2588 ceffau‘s
1100 2525 1340 2574 evadere?
1364 2523 1758 2595 Respondimus
1776 2558 1794 2586 2

352 2598 474 2650 Non
522 2593 830 2660 commiffuros
878 2616 1005 2657 nos,
1036 2613 1087 2646 ut
1126 2600 1180 2647 de
1221 2594 1386 2663 salute
1417 2599 1550 2649 illius
1588 2601 1799 2656 incerti,

351 2672 515 2734 nostrae
551 2667 906 2733 consuleremus.
959 2672 1085 2721 Non
1117 2686 1351 2723 moratus
1392 2669 1531 2722 ultra
1559 2672 1795 2740 proripit

352 2745 456 2806 se*
478 2741 751 2810 effusoque
772 2743 923 2794 cursu
945 2742 1183 2810 periculo
1208 2744 1476 2795 aufertur:
1504 2761 1604 2796 nec
1623 2743 1791 2796 multe

353 2784 472 2886 pez'st
506 2857 521 2883 ‚
570 2817 663 2870 illa
699 2815 862 2868 nubes
898 2817 1253 2871 descendere
1239 2834 1298 2869 in
1331 2831 1494 2870 terras
1530 2857 1561 2882 ».,
1586 2818 1799 2887 operire
