1951 3720
403 270 994 355 ammom.
1029 284 1290 357 Lib.V.
1433 311 1566 381 147

135 407 356 460 adducor
394 422 457 458 ut
487 408 595 459 duo
632 405 946 470 dissimilia,
974 408 1028 459 &
1063 408 1171 460 hoc
1208 407 1324 476 ipso
1361 408 1569 463 diversa

135 479 268 549 quod
289 481 527 533 maxima
545 519 562 544 ,
585 480 906 532 confundam
925 480 1309 549 misceamque‚
1333 498 1399 533 ne
1422 484 1566 535 tanta

141 554 275 622 quasi
306 554 627 606 colluvione
659 555 895 606 turbatus
919 591 935 617 ‚
970 554 1046 605 ibi
1078 553 1268 607 faciam
1307 558 1456 623 quod
1480 557 1569 610 hic

140 628 307 680 debe0.
345 627 585 695 Ideoque
620 626 838 678 interim
870 627 1131 694 veniam(
1160 643 1222 680 ut
1257 645 1325 680 ne
1360 630 1569 687 a,meis

141 700 301 753 verbis
337 700 604 752 discedam
639 698 661 765 )
715 699 1011 752 advocandi
1051 716 1197 768 peto.
1265 701 1351 753 Tu
1389 717 1571 755 tamen

138 769 230 836 iam
247 790 387 825 nunc
410 773 595 842 cogita
618 790 736 841 quae
754 773 1100 840 potissimum
1123 789 1367 842 tempora
1389 786 1572 845 aggre-

135 846 345 899 diamur.
388 847 592 898 Vetera
617 848 671 898 &
693 846 886 914 scripta
919 847 1086 899 aliis?
1128 863 1305 915 parata
1341 848 1568 917 inquisi-

142 917 212 971 tio
230 959 244 983 ‚
284 920 373 973 sed
394 920 627 972 onerosa
663 920 904 973 collatio,
930 920 1128 972 Intasta
1151 922 1205 973 &
1234 938 1377 974 nova
1398 925 1419 975 ἒ
1445 940 1569 992 gra-

141 1009 223 1046 ves
253 992 471 1046 offensae
491 1032 509 1056 ‚
549 994 692 1045 levis
726 994 908 1062 gratia.
940 996 1078 1045 Nam
1111 1009 1302 1063 praeter
1331 995 1387 1047 id
1419 997 1575 1064 quod

137 1064 190 1117 in
230 1067 390 1118 tantis
435 1065 596 1119 vitiis
633 1067 917 1119 hominum
952 1069 1105 1135 plura
1149 1069 1408 1136 culpanda
1445 1070 1569 1122 sunt

138 1138 279 1208 quam
308 1141 568 1193 laudanda
593 1158 609 1199 ·,
644 1155 758 1192 tum
789 1140 837 1191 si
873 1140 1172 1192 laudaveris
1198 1178 1213 1203 ,
1246 1156 1471 1208 parcus3
1520 1142 1571 1195 si

133 1214 419 1280 culpaveris
439 1253 457 1276 ,
482 1212 686 1265 nimius
714 1212 865 1266 fuiss‘e
895 1212 1124 1272 dicaris·‚
1158 1213 1406 1282 quamvis
1436 1213 1569 1267 illud

134 1286 472 1353 plenissime,
506 1287 613 1339 hoc
637 1284 1020 1339 restristissime
1056 1286 1265 1340 feceris.
1307 1288 1415 1339 Sed
1453 1288 1570 1341 haec

134 1376 209 1412 me
240 1378 352 1414 non
390 1360 785 1420 retardant;est
817 1360 962 1412 enim
1000 1358 1133 1411 mihi
1161 1376 1260 1428 pro
1296 1358 1405 1412 fide
1440 1362 1566 1414 satis
1600 1373 1601 1376 ’

128 1433 301 1487 animi.
339 1436 482 1487 Illud
504 1449 670 1501 peto:
702 1433 972 1501 praestruas
1012 1435 1079 1485 ad
1116 1435 1261 1501 quod
1289 1434 1522 1488 hortaris
1548 1475 1563 1500 ,

129 1507 387 1577 eligasque
408 1506 687 1560 materiam
702 1525 720 1567 ·,
737 1525 805 1560 ne
823 1506 957 1559 mihi
975 1506 1082 1574 jam
1103 1506 1325 1559 scribere
1347 1522 1532 1575 parato
1547 1547 1565 1574 ,

128 1580 223 1634 alia
244 1583 420 1634 rursus
443 1579 800 1634 cunelationis
836 1582 890 1632 &
912 1597 1078 1634 morae
1117 1578 1248 1645 justa
1277 1580 1418 1632 ratio
1443 1581 1564 1634 uas-

129 1670 284 1710 catur.
312 1656 474 1711 Vale.

182 1778 286 1832 IX.
343 1776 680 1830 Pru-uus
720 1777 1200 1829 Saruntuuo
1242 1788 1391 1827 suo
1433 1774 1488 1829 S.

158 1875 359 1940 Moleste
378 1875 486 1944 fere
516 1875 573 1930 V
565 1876 767 1926 alentem
786 1891 1012 1944 agr-orare
1033 1907 1048 1935 ,
1073 1874 1310 1939 molestias
1331 1875 1528 1929 avitum

717 1970 973 2038 decessiffe.

132 2054 367 2151 VAul
386 2096 421 2148 ὲ
454 2111 542 2151 me
571 2093 860 2149 affecerunt
881 2095 1075 2149 litterae
1107 2108 1249 2149 tuae:
1287 2112 1410 2151 nam
1447 2112 1564 2164 par·

128 2167 217 2220 tim
235 2172 395 2234 heta,
427 2168 624 2238 partim
643 2167 806 2220 tristia
823 2167 1183 2221 continebant.
1213 2170 1392 2234 Laeta,
1418 2168 1561 2238 quod

125 2256 176 2294 te
204 2242 257 2296 in
285 2246 419 2296 urbe
456 2242 627 2295 teneri
665 2241 993 2295 nuntiabant.
1035 2244 1292 2307 Nollem,
1332 2242 1558 2313 inquis,

123 2315 207 2369 sed
230 2335 337 2388 ego
371 2318 546 2369 volo:
578 2330 868 2384 praeterea,
906 2314 1055 2384 quod
1088 2316 1433 2370 recitaturum
1456 2316 1559 2370 sta-

124 2388 216 2441 tim
236 2406 295 2443 ut
317 2389 582 2443 veniffem
604 2389 1012 2458 pollicebantur.
1054 2390 1176 2460 Ago
1195 2391 1385 2459 gratias
1409 2389 1559 2459 quod

123 2464 414 2532 exspecter.
459 2462 628 2515 Triste
662 2462 829 2526 illud,
850 2462 997 2532 quod
1026 2462 1198 2517 Julius
1221 2465 1422 2517 Valens
1447 2481 1558 2534 gra·
1566 2494 1571 2501 ·

123 2535 256 2591 viter
275 2538 451 2603 jacet·
440 2574 457 2597 ,
493 2548 809 2606 quamquam
833 2553 900 2590 ne
922 2538 1027 2590 hoc
1055 2531 1270 2605 quidem
1303 2537 1446 2591 triste
1467 2577 1482 2599 ‚
1509 2536 1559 2590 si

123 2607 260 2665 illius
277 2611 602 2665 utilitatibus
620 2609 905 2664 aestimetur
925 2650 941 2674 ‚
981 2609 1132 2673 cuius
1155 2610 1368 2665 interest
1394 2609 1554 2679 quam

122 2683 478 2739 maturissime
525 2683 883 2751 inexplicabili
920 2686 1113 2737 morbo
1140 2683 1379 2755 liberari.
1423 2683 1561 2736 Illud

121 2757 273 2826 plan'e
297 2776 411 2812 non
434 2757 579 2812 triste
600 2756 805 2822 solum,
823 2757 1015 2811 verum
1037 2756 1199 2811 etiam
1218 2756 1554 2820 manorum,

121 2829 261 2900 quod
288 2833 461 2887 Julius
490 2830 686 2885 Avitus
720 2832 987 2895 decessit,
1028 2833 1155 2887 dum
1190 2848 1263 2885 ex
1298 2829 1559 2900 quaestura

120 2905 294 2972 redit,
330 2904 604 2962 decessit
588 2922 650 2960 in
684 2904 813 2960 navi
834 2943 851 2973 ,
890 2908 1089 2977 procul
1118 2923 1149 2961 a
1182 2906 1341 3032 {atre
1380 2919 1557 2958 aman·

1267 2994 1306 3044 ¹1
