1951 3720
317 298 775 370 TRAIANO
846 312 1279 366 chrvs.
1388 318 1530 391 403

126 434 234 472 vera
267 419 518 489 Principis
538 458 554 483 ,
591 419 682 472 ubi
728 419 1051 487 sempiterna
1090 419 1163 472 sit
1202 417 1413 488 gloria·‚
1443 417 1539 472 ubi

128 492 218 545 sint
250 494 475 547 honores
515 494 573 545 in
608 509 745 562 quos
790 493 926 544 nihil
965 492 1196 544 flammis
1228 531 1247 556 ,
1284 492 1419 544 nihil
1455 492 1539 545 se·

127 566 300 618 nectuti
331 607 346 640 ‚
387 568 520 619 nihil
562 565 937 620 succefi‘oribus
977 566 1154 619 liceat.
1187 568 1356 617 Arcus
1392 566 1540 617 enim

130 639 173 690 &
200 639 375 692 statuas
406 679 425 704 ‚
465 657 577 692 aras
621 640 783 692 etiam
822 642 1126 708 templaque
1162 638 1449 691 demolitur
1486 639 1543 691 δι

129 712 342 765 obscurat
377 713 584 765 oblivio
605 753 621 777 ‚
647 713 871 783 negligit
907 713 1180 780 carpitque
1223 711 1502 780 posteritas
1524 731 1541 764 ε

128 784 288 838 contra
318 802 657 857 contemptor
695 786 1003 839 ambitionis
1024 826 1044 850 ‚
1083 787 1136 838 &
1176 784 1405 837 infinita
1444 801 1541 853 po·

130 857 300 913 testatis
330 860 563 912 domitor
594 876 653 912 ac
688 861 925 913 frenator
954 860 1162 911 animus
1183 898 1200 921 ‚
1223 858 1341 927 ipsa
1368 858 1545 910 vetus·

130 943 219 983 tate
251 932 505 993 florescit·,
532 950 629 985 nec
660 935 723 986 ab
753 933 876 986 ullis
903 933 1072 1002 magis
1093 935 1360 996 laudatur,
1382 931 1545 999 quam

129 1004 293 1071 quibus
327 1005 547 1059 minime
585 1006 788 1060 neceffe
818 1006 908 1059 est.
944 1007 1202 1059 Praeterea
1230 1021 1291 1057 ut
1321 1005 1547 1073 quisque

129 1077 267 1133 fastus
299 1080 369 1132 est
401 1080 653 1148 Princeps
679 1119 696 1143 ‚
718 1082 997 1148 extemplo
1028 1081 1166 1132 fama
1197 1078 1309 1144 ejus
1334 1118 1353 1142 ‚
1377 1080 1547 1131 incer·

130 1164 224 1203 tum
259 1153 392 1205 bona
431 1170 499 1206 an
536 1156 672 1205 mala
714 1193 729 1216 ‚
777 1154 1009 1206 ceterum
1051 1168 1246 1205 aeterna
1289 1152 1380 1204 est.
1417 1152 1548 1204 Non

132 1239 238 1293 ergo
268 1242 516 1295 perpetua
549 1226 784 1295 Principi
820 1228 996 1289 fama,
1022 1243 1139 1294 quae
1176 1224 1408 1277 invitum
1439 1240 1551 1277 ma·

131 1312 240 1361 net,
270 1299 353 1352 sed
378 1302 520 1353 bona
551 1300 968 1368 concupiscenda
1002 1297 1093 1352 est.
1129 1299 1202 1350 Ea
1235 1314 1403 1365 porro
1433 1310 1549 1379 non

132 1365 418 1440 imaginibus
462 1374 517 1425 δι
559 1371 739 1425 statuis
778 1411 792 1436 ,
841 1373 932 1425 sed
977 1372 1182 1425 virtute
1231 1386 1292 1423 ac
1341 1369 1550 1425 meritis

132 1457 433 1514 prorogatur.
473 1446 625 1512 Quin
665 1446 829 1499 etiam
867 1446 1081 1498 leviora
1119 1446 1272 1506 haec,
1318 1444 1550 1497 formam

132 1511 361 1586 Principis
401 1518 733 1589 figuramque
770 1558 786 1583 ,
828 1535 942 1570 non
991 1535 1176 1571 aurum
1226 1516 1416 1570 melius
1458 1517 1552 1569 vel

133 1603 376 1658 argentum
397 1631 417 1658 ,
443 1609 607 1661 quam
645 1593 802 1645 favor
836 1592 1121 1644 hominum
1163 1589 1430 1657 exprimat
1465 1604 1555 1643 te-

133 1676 378 1732 neatque:
412 1669 563 1749 quod
604 1666 819 1734 quidem
860 1664 1077 1733 prolixe
1118 1662 1215 1717 tibi
1256 1659 1552 1715 cumulate'·

134 1751 218 1802 que
251 1737 507 1809 contingit
529 1772 550 1824 ,⁹
586 1737 732 1803 cuius
767 1738 1043 1791 latissima
1080 1737 1286 1799 facies,
1323 1736 1376 1787 δι
1414 1751 1555 1789 ama-

134 1807 237 1862 bilis
262 1813 486 1880 vultus,
526 1812 585 1866 in
627 1812 885 1866 omnium
913 1812 1118 1865 civium
1154 1827 1298 1875 ore,
1337 1808 1508 1863 oeulis
1530 1846 1555 1874 .

134 1882 288 1936 animo
318 1886 477 1941 sedet.

193 1956 322 2012 LVI.
353 1958 643 2015 Adnoraffe
680 1977 786 2013 vos
819 1961 1015 2022 cred0‚
1041 1959 1098 2012 P.
1140 1959 1203 2011 C.
1245 1955 1552 2024 iamdudum

136 2044 207 2081 me
246 2048 352 2084 non
395 2033 595 2102 eligere
637 2051 755 2102 quae
807 2034 1048 2086 referam.
1093 2031 1436 2099 Propositum
1482 2028 1556 2084 est

137 2101 259 2155 enim
307 2106 437 2158 mihi
477 2107 781 2174 Principem
825 2108 1036 2158 laudare
1068 2143 1084 2167 ‚
1144 2122 1256 2157 non
1294 2102 1555 2171 Principis

134 2174 262 2230 facta.
284 2180 416 2232 Nam
448 2179 727 2232 laudabilia
758 2182 925 2236 multa
958 2180 1119 2233 etiam
1138 2177 1277 2232 mali
1306 2177 1548 2237 faciunn

138 2243 231 2316 ipse
267 2253 502 2318 laudari,
535 2253 642 2306 nisi
678 2253 954 2321 optimus,
994 2268 1108 2305 non
1147 2250 1336 2320 potest.
1376 2252 1564 2316 Quare

138 2336 234 2375 nou
276 2325 373 2379 alia
419 2325 593 2391 major
636 2366 652 2391 ,
709 2329 1007 2395 Imperator
1055 2324 1301 2407 Auguste
1310 2363 1327 2388 ‚
1385 2324 1557 2394 glot-ia

138 2406 212 2447 tua
249 2399 464 2468 ‚quam
505 2398 652 2469 quod
698 2401 971 2469 agentibus
1023 2395 1121 2452 tibi
1172 2395 1365 2468 gratias
1418 2398 1555 2453 nihii

138 2472 393 2525 velandum
434 2473 556 2537 est,
595 2474 729 2527 nihil
767 2474 1123 2530 omittendum
1162 2472 1252 2525 est.
1292 2470 1441 2538 Quid
1483 2469 1557 2523 est

139 2543 263 2595 enim
297 2545 354 2599 in
388 2547 692 2615 principatu
726 2562 865 2610 tuo,
905 2548 1052 2615 quod
1087 2545 1392 2613 cuiusquam
1428 2561 1559 2612 prae·

138 2613 311 2671 dicatio
360 2624 450 2674 vel
506 2619 771 2674 transilire
821 2622 910 2673 vel
951 2619 1272 2689 praetervehi
1325 2619 1557 2671 debeat?

140 2692 267 2754 quod
298 2695 631 2748 momentum
654 2731 671 2757 ‚
714 2694 860 2761 quod
893 2693 1065 2746 immo
1103 2692 1368 2760 temporis
1400 2707 1563 2758 punc-

140 2774 239 2814 tum
275 2781 361 2818 aut
398 2766 662 2822 beneficio
697 2766 882 2821 sterile
901 2806 919 2829 ‚
961 2782 1052 2820 aut
1087 2782 1316 2819 vacuum
1358 2765 1509 2816 laude
1535 2766 1561 2819 t

140 2832 249 2887 Non
284 2839 463 2892 omnia
498 2839 795 2905 ejusmodi,
829 2856 891 2892 ut
921 2839 967 2893 is
1006 2837 1214 2927 optime
1248 2852 1301 2890 te
1334 2835 1560 2891 laudasse

143 2905 402 2978 videatur,
443 2914 537 2987 qui
581 2914 876 2970 narraverit
913 2910 1226 2970 fidelissime
1263 2914 1284 2967 ἓ
1325 2909 1453 2981 Quo
1490 2900 1561 2964 fi't
