1951 3720
422 351 559 446 318
762 353 1029 420 Call
1092 349 1555 419 ΡιιΝιῙ.

419 473 535 542 est)
574 471 802 541 amplius
840 473 1042 527 centies
1076 472 1291 525 hausit.
1320 486 1519 523 vereor
1556 484 1629 521 ne
1670 468 1851 525 frustra.

420 547 733 617 Ingentibus
771 548 916 599 enim
954 546 1107 598 rimis
1155 546 1421 599 descendit
1462 545 1514 595 δι
1547 544 1710 607 hiat,
1752 544 1850 595 sive

425 620 482 671 in
519 620 671 673 causa
707 621 878 672 solum
923 610 1203 673 humidum
1242 621 1295 671 δι
1333 620 1498 670 molle
1526 654 1540 679 ,
1581 616 1702 668 sive
1737 617 1851 684 lapis

427 693 541 776 ipse
564 694 775 777 gracilis
808 695 861 745 ὃ(
891 694 1102 762 putris:
1138 694 1363 764 dignum
1396 688 1468 743 est
1505 688 1655 742 cert'e
1683 691 1855 743 delibe-

427 766 670 828 ratione
692 769 830 819 sitne
861 768 1205 828 faciendum
1242 782 1309 818 an
1340 765 1427 817 sit
1433 765 1824 839 relinquendum
1842 803 1854 825 ,

430 855 501 890 an
521 840 692 891 etiam
724 840 1111 894 destruendum.
1148 805 1282 891 Ρῐειιι
1308 840 1519 892 fultutae
1539 855 1605 889 ac
1627 828 1857 888 suBstruc-

429 911 610 964 tiones
627 952 644 976 ,
660 914 852 981 quibus
873 914 1090 966 subinde
1111 913 1491 982 suscipiunt-,n
1453 924 1570 963 non
1595 924 1705 962 tam
1716 909 1855 961 fitmae

431 985 599 1047 mihi3
638 985 799 1053 quam
835 986 1157 1055 sumptuosae
1186 986 1453 1038 videntur.
1497 986 1645 1036 Huic
1680 984 1858 1035 theatro

430 1074 505 1110 ex
527 1058 864 1125 privatorum
882 1060 1363 1147 pollicitationibus
1396 1060 1567 1111 multa
1591 1057 1830 1111 debentur
1846 1095 1858 1119 ‚

431 1146 494 1184 ut
547 1132 778 1184 basilica
822 1132 1000 1197 circa,
1038 1149 1098 1186 ut
1142 1133 1385 1201 porticus
1430 1131 1590 1201 supra
1632 1144 1856 1182 caveam:

437 1221 557 1272 φη
594 1220 734 1257 nunc
771 1205 954 1258 omnia
985 1172 1339 1269 differuntur,
1366 1205 1615 1257 cessante
1608 1221 1723 1268 eo,
1747 1205 1891 1272 quod
1890 1198 1891 1239 ¹

437 1276 561 1330 ante
604 1281 958 1346 peragendum
996 1278 1089 1332 est.
1148 1281 1313 1331 Iidem
1365 1278 1632 1330 Nicenses
1669 1292 1891 1347 gymna

438 1350 613 1412 sium,
641 1351 890 1403 incendio
913 1351 1182 1414 amissum,
1216 1365 1337 1404 ante
1356 1353 1654 1404 adventum
1680 1367 1858 1414 meum,

436 1423 712 1475 restituere
729 1439 1010 1491 coeperunt
1032 1426 1198 1494 long'e
1214 1424 1555 1477 numerosius
1576 1424 1859 1492 laxiusque,

437 1496 600 1564 quam
642 1498 847 1561 fuerat,
889 1496 942 1550 δι
977 1497 1085 1562 jam
1130 1498 1458 1567 aliquantum
1488 1510 1859 1567 erogaveruntz

431 1570 736 1637 periculum
768 1571 843 1622 est
873 1586 941 1624 ne
972 1585 1177 1639 parum
1198 1572 1420 1624 utiliter.
1461 1570 1861 1639 Incompositum

440 1643 588 1694 enim
659 1644 710 1695 &
770 1644 1004 1712 sparsum
1063 1644 1153 1698 est.
1223 1645 1480 1697 Praeterea
1524 1644 1861 1705 architefflis,

441 1716 567 1768 san'e
605 1718 826 1771 aemulus
877 1716 1019 1783 ejus
1037 1735 1067 1770 a
1104 1735 1213 1787 quo
1252 1736 1392 1787 opus
1427 1718 1744 1772 inchoatum
1776 1716 1860 1779 est,

442 1790 664 1841 affirmat
707 1790 935 1857 parietes
977 1793 1001 1860 (
1039 1806 1357 1860 quamquam
1394 1791 1599 1862 viginti
1656 1792 1709 1843 δι
1760 1792 1861 1841 duos

443 1866 606 1946 pedes
636 1866 775 1917 latos
798 1865 853 1932 )
840 1866 1096 1933 .mposita
1117 1883 1281 1918 onera
1304 1865 1555 1918 sustinere
1577 1883 1694 1917 non
1712 1862 1860 1933 poste,

445 1936 570 2005 quia
622 1936 738 1989 sine
788 1953 1051 1991 caemento
1092 1940 1274 1992 medio
1314 1939 1434 1991 farti
1470 1977 1486 2001 ‚
1532 1954 1640 1990 nec
1678 1935 1862 1990 testaceo

443 2026 609 2078 opere
645 2011 936 2079 praecinffl.
985 2011 1438 2081 Claudiopolitani
1469 2027 1694 2080 quoque
1726 2011 1778 2062 in
1797 2011 1862 2061 de·
1892 2037 1893 2050 κ

444 2082 620 2151 press‘o
664 2086 790 2136 loco
830 2124 845 2148 ,
887 2084 1203 2137 imminente
1244 2085 1404 2137 etiam
1444 2100 1677 2148 monte,
1712 2084 1862 2153 ingens

443 2156 714 2209 balineum
757 2158 1034 2210 defodiunt
1074 2158 1280 2228 magis,
1311 2175 1468 2226 quam
1499 2156 1796 2221 aedificant,
1828 2155 1863 2206 δι

447 2229 664 2298 quidem
685 2245 756 2282 ex
778 2247 840 2282 ea
865 2231 1091 2304 pebunia
1125 2247 1282 2299 quam
1311 2233 1537 2290 bulentae
1560 2230 1724 2282 additi
1744 2231 1865 2281 bene·

445 2302 577 2356 ficio
603 2318 728 2367 tuo,
754 2319 844 2356 aut
874 2305 979 2369 jam
1015 2305 1320 2358 obtulerunt
1343 2307 1412 2356 ob
1450 2303 1770 2364 introitum
1796 2315 1864 2353 aut

450 2376 609 2429 nobis
644 2378 981 2448 exigentibus
1006 2379 1300 2431 conferent.
1326 2373 1465 2450 Ergo
1487 2393 1657 2446 quum
1685 2377 1863 2429 timeam

448 2467 517 2503 ne
567 2450 679 2503 illic
720 2451 927 2518 publica
969 2451 1231 2520 pecunia,
1274 2452 1396 2514 hic,
1440 2453 1589 2519 quod
1628 2449 1702 2503 est
1747 2446 1864 2501 omni

449 2523 677 2594 pecunia
711 2525 1043 2594 pretiosius,
1081 2541 1271 2577 munus
1302 2539 1456 2578 tuum
1490 2524 1635 2580 male
1664 2525 1864 2577 colloce-

451 2611 574 2661 tur,
597 2615 765 2667 cogor
793 2614 973 2667 petere
999 2617 1028 2650 a
1048 2613 1137 2661 te,
1160 2615 1271 2651 non
1295 2598 1471 2668 solum
1503 2599 1575 2650 ob
1595 2600 1833 2650 theatrum
1851 2632 1864 2657 ‚

448 2671 642 2724 verum
679 2671 840 2723 etiam
877 2674 948 2723 ob
993 2674 1102 2723 haec
1129 2671 1374 2734 balinea,
1416 2670 1601 2723 mittas
1642 2669 1867 2723 architec-

449 2757 604 2807 tum,
642 2743 995 2812 dispecturum
1042 2760 1222 2797 utrum
1262 2744 1333 2796 sit
1367 2743 1553 2796 utilius
1597 2743 1716 2813 post
1752 2742 1867 2794 sum·

451 2830 605 2886 ptum
629 2818 720 2887 qui
750 2817 914 2870 faaus
938 2817 1014 2869 est
1034 2858 1049 2881 ‚
1080 2834 1301 2887 quoquo
1332 2819 1495 2868 modo
1529 2815 1867 2869 consummare

451 2906 617 2958 opera
639 2930 653 2954 ‚
672 2904 732 2942 ut
760 2892 1007 2943 inchoata
1025 2892 1145 2943 sunt
1166 2909 1181 2951 3
1213 2907 1280 2943 an
1304 2908 1419 2960 quae
1440 2889 1696 2942 videntur
1716 2902 1867 2940 emen-

456 2964 653 3030 danda,
674 2964 981 3038 corrigere3
1021 2982 1140 3037 quae
1169 2964 1557 3030 transferenda
1579 2962 1868 3017 anassem-'5
