1951 3720
321 291 787 367 :suasano
858 306 1040 362 Dte
1070 302 1273 362 rus,
1418 290 1560 386 389·

149 411 223 469 su'a
254 416 432 486 sp'ont'e
472 416 615 470 avidi
657 417 710 469 &
743 431 959 484 rapaces
995 454 1011 480 ‚
1064 415 1117 466 δι
1156 414 1249 482 qui
1294 412 1560 482 magistris

131 507 242 541 -non
268 502 513 560 ege-tenu
543 493 692 559 plura
727 504 907 541 tamen
942 489 1151 556 semper
1175 504 1206 538 a
1228 486 1385 538 nobis
1422 503 1560 538 con-

147 577 212 615 tra
241 580 338 616 nos
368 565 660 616 didicerunt
684 582 698 615 t
723 563 812 615 sed
842 564 905 615 ad
938 577 1057 614 tuas
1090 577 1241 613 aures
1278 577 1442 629 quum
1478 576 1565 612 ce·-

147 635 251 688 teris
293 638 534 689 omnibus
556 676 570 699 ,
607 651 722 689 tum
756 639 848 689 vel
885 633 1122 687 maxime
1162 634 1335 685 avaris
1375 634 1558 684 adula-

145 707 353 762 tionibus
404 709 694 763 obstrustus
744 708 818 760 est
867 709 1059 761 aditus.
1103 708 1277 759 Silent
1323 722 1453 775 ergo
1505 708 1559 757 δε

146 783 392 848 quiescunt
414 820 428 847 ,
463 785 516 835 &
553 782 829 850 postquam
866 798 980 833 non
1010 780 1084 832 est
1122 780 1208 832 cui
1245 779 1557 842 suadeatur,

145 856 220 921 qui
243 856 478 909 suadeant
499 873 613 908 non
642 857 780 908 sunt.
806 853 938 921 Quo
959 852 1145 906 evenit
1175 865 1235 904 ut
1266 851 1363 903 tibi
1387 867 1557 919 quum

143 928 401 994 plurimum
429 947 532 998 pro
566 928 676 981 tuis
700 968 716 992 ,
740 930 861 996 plus
883 942 1064 979 tamen
1086 942 1186 995 pro
1219 923 1411 977 nostris
1431 941 1555 976 mo·-

147 999 266 1053 ribus
296 1004 590 1055 debeamus.

144 1097 151 1103 ·
202 1074 353 1128 XLII.
382 1077 797 1145 Locupletabant
818 1076 870 1128 ὅ(
893 1074 1079 1127 fiscum
1098 1074 1151 1124 ὅ(
1176 1071 1417 1125 aerarium
1438 1084 1553 1125 non

144 1159 233 1198 tam
267 1150 522 1201 Voconiae
566 1150 619 1200 δε
653 1149 807 1203 Juliae
843 1151 990 1217 leges
1021 1186 1035 1209 ‚
1075 1146 1234 1215 quam
1271 1144 1555 1210 majestatis

144 1220 376 1293 singulare
411 1223 464 1276 &
493 1222 718 1275 unicum
753 1222 956 1274 crimen
987 1236 1175 1272 eorum
1198 1218 1293 1287 qui
1329 1218 1557 1272 crimine

144 1307 379 1347 vacarent.
418 1294 597 1359 Hujus
643 1310 702 1346 tu
747 1310 948 1347 metum
998 1293 1213 1361 penitus
1271 1290 1513 1343 sustulisti
1534 1331 1552 1355 ‚

146 1381 398 1420 contentus
433 1367 801 1438 magnitudine
822 1407 836 1430 ,
858 1367 962 1435 qua
998 1366 1130 1417 nulli
1166 1364 1334 1433 magis
1371 1380 1555 1416 carue·-

144 1454 246 1490 runt
274 1481 292 1505 ,
328 1440 483 1511 quam
535 1442 637 1510 qui·
678 1441 780 1493 sibi
826 1438 1147 1505 maiestatem
1189 1437 1553 1491 vindicabant.

143 1510 334 1567 Reddita
373 1514 447 1567 est
485 1514 673 1566 amicis
709 1512 842 1566 fides
878 1552 894 1576 ,
933 1513 1118 1564 liberis
1157 1511 1326 1578 pietas
1349 1548 1363 1571 ‚
1401 1512 1556 1563 obse·

145 1585 302 1651 quium
328 1587 495 1640 servis
517 1606 532 1640 t
553 1600 808 1641 verentur
828 1626 843 1650 ‚
883 1587 937 1638 δε
969 1584 1156 1653 parent
1177 1616 1195 1647 5
1227 1585 1280 1635 ἃ
1302 1584 1555 1637 dominos

143 1656 324 1714 babent.
366 1663 494 1713 Non
545 1660 693 1712 enim
739 1658 846 1724 iam
896 1658 1038 1711 servi
1080 1656 1243 1709 nostri
1292 1655 1555 1724 Principis

143 1732 307 1797 amici,
328 1735 411 1786 sed
448 1750 553 1786 nos
585 1734 764 1785 sumus
786 1751 802 1793 3
827 1749 925 1785 nec
959 1731 1114 1784 Pater
1145 1728 1328 1798 patriae
1366 1729 1554 1782 alienis

144 1803 188 1855 se
213 1806 477 1877 mancipiis
500 1805 764 1859 cariorem
793 1804 953 1876 quam
985 1805 1192 1857 civibus
1227 1801 1335 1855 suis
1366 1801 1555 1857 credit.

145 1876 323 1934 Omnes
359 1883 662 1935 accusatore
701 1878 994 1933 domestico
1037 1876 1263 1930 liberasti
1287 1916 1300 1938 ,
1332 1890 1554 1945 unoque

142 1950 296 2007 salutis
333 1957 557 2024 publicae
590 1954 748 2024 signo
781 1993 796 2015 ‚
834 1952 969 2005 illud
1000 1991 1015 2015 ,
1052 1965 1113 2002 ut
1155 1950 1232 2003 sic
1266 1950 1495 2001 dixerim
1536 1989 1564 2015 ,

142 2022 308 2081 servile
351 2030 551 2081 bellum
599 2025 843 2079 sustulisti
880 2043 898 2084 3
957 2024 1015 2076 in
1063 2040 1172 2092 quo
1215 2038 1327 2074 non
1376 2022 1555 2076 minus

127 2096 319 2164 servis,
349 2101 509 2170 quam
548 2100 783 2153 dominis
818 2096 1097 2167 praestitisti
1121 2116 1134 2149 ε
1162 2112 1263 2149 nos
1298 2095 1443 2148 enim
1479 2097 1556 2148 se·-

141 2185 306 2238 curos,
340 2174 466 2228 illos
509 2175 684 2226 bonos
713 2172 898 2226 fecisti.
936 2173 1065 2223 Non
1093 2169 1181 2222 vis
1217 2169 1418 2221 interea
1439 2171 1556 2221 lau·

141 2244 232 2297 dari
251 2287 265 2311 ‚
286 2264 379 2301 nec
416 2245 630 2302 fortasse
668 2247 922 2299 laudanda
952 2245 1061 2296 sint
1085 2261 1102 2301 3
1124 2257 1269 2313 grata
1308 2241 1429 2294 sunt
1471 2257 1557 2295 ta·

141 2333 246 2370 men
278 2321 669 2374 recordantibus
705 2319 1008 2386 Principem
1050 2316 1202 2369 illum
1224 2356 1241 2381 ,
1278 2315 1337 2368 in
1377 2317 1554 2384 capita

139 2390 454 2447 dominorum
491 2395 677 2446 servos
717 2392 1090 2445 subornantem
1110 2430 1125 2454 ‚
1147 2389 1555 2442 monstrantem·

140 2478 225 2529 que
275 2467 499 2520 crimina
531 2505 547 2531 ‚
589 2484 705 2535 quae
756 2480 1027 2533 tamquam
1076 2466 1245 2516 delata
1287 2463 1500 2533 puniret
1540 2482 1556 2516 :

138 2551 362 2606 magnum
401 2542 454 2593 δι
491 2538 843 2602 inevitabile,
865 2553 924 2590 ac
962 2535 1127 2589 toties
1166 2536 1358 2605 cuique
1394 2551 1557 2604 expe·

123 2607 354 2665 ,tiendum
394 2616 593 2667 malum
617 2652 633 2677 ,
657 2611 871 2681 quoties
904 2609 1129 2681 quisque
1162 2609 1368 2662 similes
1399 2609 1555 2662 Prin-

138 2681 232 2751 cipi
265 2686 446 2740 servos
480 2687 714 2739 haberet.

195 2756 382 2812 XLIII.
407 2761 470 2812 In
491 2761 682 2813 eodem
714 2774 905 2828 genere
927 2757 1235 2825 ponendum
1264 2754 1345 2807 est
1365 2794 1379 2818 ‚
1405 2752 1552 2824 quod

137 2828 416 2884 testamenta
464 2833 640 2884 nostra
685 2832 863 2884 secura
896 2832 1022 2883 sunt
1056 2848 1074 2890 ·,
1116 2845 1214 2881 nec
1254 2845 1390 2880 unus
1433 2844 1554 2880 om-

136 2899 267 2955 nium
288 2943 303 2968 ‚
342 2921 485 2977 nunc
516 2906 640 2977 quia
668 2904 930 2975 scriptus,
966 2919 1109 2957 nunc
1136 2900 1262 2973 quia
1286 2917 1399 2953 non
1428 2899 1556 2954 scri-

1178 2976 1227 3028 R
1251 2973 1307 3042 iij
